%YAML 1.1
%TAG !u! tag:unity3d.com,2011:
--- !u!114 &-9036674301955735545
MonoBehaviour:
  m_ObjectHideFlags: 1
  m_CorrespondingSourceObject: {fileID: 0}
  m_PrefabInstance: {fileID: 0}
  m_PrefabAsset: {fileID: 0}
  m_GameObject: {fileID: 0}
  m_Enabled: 1
  m_EditorHideFlags: 0
  m_Script: {fileID: 11500000, guid: 371f3706e0175d94282097d793dc82f1, type: 3}
  m_Name: TLBindingContrlAsset
  m_EditorClassIdentifier: 
  clip:
    m_Version: 1
    m_Start: 0
    m_ClipIn: 0
    m_Asset: {fileID: -9036674301955735545}
    m_Duration: 2
    m_TimeScale: 1
    m_ParentTrack: {fileID: 9037533730049027207}
    m_EaseInDuration: 0
    m_EaseOutDuration: 0
    m_BlendInDuration: -1
    m_BlendOutDuration: -1
    m_MixInCurve:
      serializedVersion: 2
      m_Curve:
      - serializedVersion: 3
        time: 0
        value: 0
        inSlope: 0
        outSlope: 0
        tangentMode: 0
        weightedMode: 0
        inWeight: 0
        outWeight: 0
      - serializedVersion: 3
        time: 1
        value: 1
        inSlope: 0
        outSlope: 0
        tangentMode: 0
        weightedMode: 0
        inWeight: 0
        outWeight: 0
      m_PreInfinity: 2
      m_PostInfinity: 2
      m_RotationOrder: 4
    m_MixOutCurve:
      serializedVersion: 2
      m_Curve:
      - serializedVersion: 3
        time: 0
        value: 1
        inSlope: 0
        outSlope: 0
        tangentMode: 0
        weightedMode: 0
        inWeight: 0
        outWeight: 0
      - serializedVersion: 3
        time: 1
        value: 0
        inSlope: 0
        outSlope: 0
        tangentMode: 0
        weightedMode: 0
        inWeight: 0
        outWeight: 0
      m_PreInfinity: 2
      m_PostInfinity: 2
      m_RotationOrder: 4
    m_BlendInCurveMode: 0
    m_BlendOutCurveMode: 0
    m_ExposedParameterNames: []
    m_AnimationCurves: {fileID: 0}
    m_Recordable: 0
    m_PostExtrapolationMode: 0
    m_PreExtrapolationMode: 0
    m_PostExtrapolationTime: 0
    m_PreExtrapolationTime: 0
    m_DisplayName: "<Binding>\n\u9019\u500B\u662F\u6E2C\u8A66\u7528\u7684\u5C0D\u8A71\u4E8B\u4EF6"
  isMute: 1
  playableAsset: {fileID: 11400000}
  bindingData:
    m_clip:
      m_Version: 1
      m_Start: 0
      m_ClipIn: 0
      m_Asset: {fileID: 775067364374393913}
      m_Duration: 2
      m_TimeScale: 1
      m_ParentTrack: {fileID: 3704131036440775469}
      m_EaseInDuration: 0
      m_EaseOutDuration: 0
      m_BlendInDuration: -1
      m_BlendOutDuration: -1
      m_MixInCurve:
        serializedVersion: 2
        m_Curve:
        - serializedVersion: 3
          time: 0
          value: 0
          inSlope: 0
          outSlope: 0
          tangentMode: 0
          weightedMode: 0
          inWeight: 0
          outWeight: 0
        - serializedVersion: 3
          time: 1
          value: 1
          inSlope: 0
          outSlope: 0
          tangentMode: 0
          weightedMode: 0
          inWeight: 0
          outWeight: 0
        m_PreInfinity: 2
        m_PostInfinity: 2
        m_RotationOrder: 4
      m_MixOutCurve:
        serializedVersion: 2
        m_Curve:
        - serializedVersion: 3
          time: 0
          value: 1
          inSlope: 0
          outSlope: 0
          tangentMode: 0
          weightedMode: 0
          inWeight: 0
          outWeight: 0
        - serializedVersion: 3
          time: 1
          value: 0
          inSlope: 0
          outSlope: 0
          tangentMode: 0
          weightedMode: 0
          inWeight: 0
          outWeight: 0
        m_PreInfinity: 2
        m_PostInfinity: 2
        m_RotationOrder: 4
      m_BlendInCurveMode: 0
      m_BlendOutCurveMode: 0
      m_ExposedParameterNames: []
      m_AnimationCurves: {fileID: 0}
      m_Recordable: 0
      m_PostExtrapolationMode: 0
      m_PreExtrapolationMode: 0
      m_PostExtrapolationTime: 0
      m_PreExtrapolationTime: 0
      m_DisplayName: "\u5B89 \n \u9019\u500B\u662F\u6E2C\u8A66\u7528\u7684\u5C0D\u8A71\u4E8B\u4EF6"
    m_asset: {fileID: 775067364374393913}
  bindingDic:
    keyData: 00000000010000000200000003000000
    valueData:
    - m_clip:
        m_Version: 1
        m_Start: 0
        m_ClipIn: 0
        m_Asset: {fileID: 775067364374393913}
        m_Duration: 2
        m_TimeScale: 1
        m_ParentTrack: {fileID: 3704131036440775469}
        m_EaseInDuration: 0
        m_EaseOutDuration: 0
        m_BlendInDuration: -1
        m_BlendOutDuration: -1
        m_MixInCurve:
          serializedVersion: 2
          m_Curve:
          - serializedVersion: 3
            time: 0
            value: 0
            inSlope: 0
            outSlope: 0
            tangentMode: 0
            weightedMode: 0
            inWeight: 0
            outWeight: 0
          - serializedVersion: 3
            time: 1
            value: 1
            inSlope: 0
            outSlope: 0
            tangentMode: 0
            weightedMode: 0
            inWeight: 0
            outWeight: 0
          m_PreInfinity: 2
          m_PostInfinity: 2
          m_RotationOrder: 4
        m_MixOutCurve:
          serializedVersion: 2
          m_Curve:
          - serializedVersion: 3
            time: 0
            value: 1
            inSlope: 0
            outSlope: 0
            tangentMode: 0
            weightedMode: 0
            inWeight: 0
            outWeight: 0
          - serializedVersion: 3
            time: 1
            value: 0
            inSlope: 0
            outSlope: 0
            tangentMode: 0
            weightedMode: 0
            inWeight: 0
            outWeight: 0
          m_PreInfinity: 2
          m_PostInfinity: 2
          m_RotationOrder: 4
        m_BlendInCurveMode: 0
        m_BlendOutCurveMode: 0
        m_ExposedParameterNames: []
        m_AnimationCurves: {fileID: 0}
        m_Recordable: 0
        m_PostExtrapolationMode: 0
        m_PreExtrapolationMode: 0
        m_PostExtrapolationTime: 0
        m_PreExtrapolationTime: 0
        m_DisplayName: "\u5B89 \n \u9019\u500B\u662F\u6E2C\u8A66\u7528\u7684\u5C0D\u8A71\u4E8B\u4EF6"
      m_asset: {fileID: 775067364374393913}
    - m_clip:
        m_Version: 1
        m_Start: 2
        m_ClipIn: 0
        m_Asset: {fileID: -1043960552938907890}
        m_Duration: 1
        m_TimeScale: 1
        m_ParentTrack: {fileID: 3704131036440775469}
        m_EaseInDuration: 0
        m_EaseOutDuration: 0
        m_BlendInDuration: -1
        m_BlendOutDuration: -1
        m_MixInCurve:
          serializedVersion: 2
          m_Curve: []
          m_PreInfinity: 2
          m_PostInfinity: 2
          m_RotationOrder: 4
        m_MixOutCurve:
          serializedVersion: 2
          m_Curve: []
          m_PreInfinity: 2
          m_PostInfinity: 2
          m_RotationOrder: 4
        m_BlendInCurveMode: 0
        m_BlendOutCurveMode: 0
        m_ExposedParameterNames: []
        m_AnimationCurves: {fileID: 0}
        m_Recordable: 0
        m_PostExtrapolationMode: 0
        m_PreExtrapolationMode: 0
        m_PostExtrapolationTime: 0
        m_PreExtrapolationTime: 0
        m_DisplayName: "\u6F14\u51FA\u4E00"
      m_asset: {fileID: -1043960552938907890}
    - m_clip:
        m_Version: 1
        m_Start: 3
        m_ClipIn: 0
        m_Asset: {fileID: 127380891057747980}
        m_Duration: 2
        m_TimeScale: 1
        m_ParentTrack: {fileID: 3704131036440775469}
        m_EaseInDuration: 0
        m_EaseOutDuration: 0
        m_BlendInDuration: -1
        m_BlendOutDuration: -1
        m_MixInCurve:
          serializedVersion: 2
          m_Curve: []
          m_PreInfinity: 2
          m_PostInfinity: 2
          m_RotationOrder: 4
        m_MixOutCurve:
          serializedVersion: 2
          m_Curve: []
          m_PreInfinity: 2
          m_PostInfinity: 2
          m_RotationOrder: 4
        m_BlendInCurveMode: 0
        m_BlendOutCurveMode: 0
        m_ExposedParameterNames: []
        m_AnimationCurves: {fileID: 0}
        m_Recordable: 0
        m_PostExtrapolationMode: 0
        m_PreExtrapolationMode: 0
        m_PostExtrapolationTime: 0
        m_PreExtrapolationTime: 0
        m_DisplayName: "\u5B89 \n \u4F60\u53EF\u4EE5\u4F7F\u7528\u9019\u500B\u5C0D\u8A71\u4E8B\u4EF6\uFF0C\u6E2C\u8A66\u7070\u76D2\u6D41\u7A0B"
      m_asset: {fileID: 127380891057747980}
    - m_clip:
        m_Version: 1
        m_Start: 6
        m_ClipIn: 0
        m_Asset: {fileID: 1140646561506884662}
        m_Duration: 2
        m_TimeScale: 1
        m_ParentTrack: {fileID: 3704131036440775469}
        m_EaseInDuration: 0
        m_EaseOutDuration: 0
        m_BlendInDuration: -1
        m_BlendOutDuration: -1
        m_MixInCurve:
          serializedVersion: 2
          m_Curve: []
          m_PreInfinity: 2
          m_PostInfinity: 2
          m_RotationOrder: 4
        m_MixOutCurve:
          serializedVersion: 2
          m_Curve: []
          m_PreInfinity: 2
          m_PostInfinity: 2
          m_RotationOrder: 4
        m_BlendInCurveMode: 0
        m_BlendOutCurveMode: 0
        m_ExposedParameterNames: []
        m_AnimationCurves: {fileID: 0}
        m_Recordable: 0
        m_PostExtrapolationMode: 0
        m_PreExtrapolationMode: 0
        m_PostExtrapolationTime: 0
        m_PreExtrapolationTime: 0
        m_DisplayName: "\u5B89 \n \u64AD\u653E\u6C92\u554F\u984C\uFF0C\u9019\u662F\u6700\u5F8C\u4E00\u53E5\u779C!"
      m_asset: {fileID: 1140646561506884662}
  startOffset: 0
  scalerBaseValue: 1
  oriBindDuration: 2
  Duration: 0
  StartPoint: 0
  BindDuration: 2
  BindStart: 0
  SelectLine: "\u9019\u500B\u662F\u6E2C\u8A66\u7528\u7684\u5C0D\u8A71\u4E8B\u4EF6"
  dutyGroupTrack: {fileID: -1612858223843049068}
  childClips: []
--- !u!114 &-8735926881959158557
MonoBehaviour:
  m_ObjectHideFlags: 1
  m_CorrespondingSourceObject: {fileID: 0}
  m_PrefabInstance: {fileID: 0}
  m_PrefabAsset: {fileID: 0}
  m_GameObject: {fileID: 0}
  m_Enabled: 1
  m_EditorHideFlags: 0
  m_Script: {fileID: 11500000, guid: 90fb794a295e73545af71bcdb7375791, type: 3}
  m_Name: CinemachineShot
  m_EditorClassIdentifier: 
  DisplayName: 
  VirtualCamera:
    exposedName: 5e5949e68d29d45419c4c15f8c1f403a
    defaultValue: {fileID: 0}
--- !u!114 &-7957085396641039937
MonoBehaviour:
  m_ObjectHideFlags: 1
  m_CorrespondingSourceObject: {fileID: 0}
  m_PrefabInstance: {fileID: 0}
  m_PrefabAsset: {fileID: 0}
  m_GameObject: {fileID: 0}
  m_Enabled: 1
  m_EditorHideFlags: 0
  m_Script: {fileID: 11500000, guid: d0fc6f5187a81dc47999eefade6f0935, type: 3}
  m_Name: "<Binding> \u6F14\u51FA\u4E00"
  m_EditorClassIdentifier: 
  m_Version: 3
  m_AnimClip: {fileID: 0}
  m_Locked: 0
  m_Muted: 0
  m_CustomPlayableFullTypename: 
  m_Curves: {fileID: 0}
  m_Parent: {fileID: 11400000}
  m_Children: []
  m_Clips: []
  m_Markers:
    m_Objects: []
--- !u!114 &-7875390834866907442
MonoBehaviour:
  m_ObjectHideFlags: 1
  m_CorrespondingSourceObject: {fileID: 0}
  m_PrefabInstance: {fileID: 0}
  m_PrefabAsset: {fileID: 0}
  m_GameObject: {fileID: 0}
  m_Enabled: 1
  m_EditorHideFlags: 0
  m_Script: {fileID: 11500000, guid: d0fc6f5187a81dc47999eefade6f0935, type: 3}
  m_Name: Editing Content
  m_EditorClassIdentifier: 
  m_Version: 3
  m_AnimClip: {fileID: 0}
  m_Locked: 0
  m_Muted: 0
  m_CustomPlayableFullTypename: 
  m_Curves: {fileID: 0}
  m_Parent: {fileID: 11400000}
  m_Children:
  - {fileID: 1238494561427209744}
  - {fileID: -4522238754315009162}
  - {fileID: -5635816927183642100}
  m_Clips: []
  m_Markers:
    m_Objects: []
--- !u!114 &-7249851352741318622
MonoBehaviour:
  m_ObjectHideFlags: 1
  m_CorrespondingSourceObject: {fileID: 0}
  m_PrefabInstance: {fileID: 0}
  m_PrefabAsset: {fileID: 0}
  m_GameObject: {fileID: 0}
  m_Enabled: 1
  m_EditorHideFlags: 0
  m_Script: {fileID: 11500000, guid: 965d22bf690de8f4097fab6208a2197d, type: 3}
  m_Name: HHCharacterAnimationTLAsset
  m_EditorClassIdentifier: 
  commandType: 0
  handleType: 0
  layer: 1
  index: 0
  transition: 0.1
  stateName: 
  animDuration: 1
  overrideFace: 0
  flag: 0
  fadeOutT: 0.1
  behaviour:
    character: {fileID: 0}
  clip:
    m_Version: 1
    m_Start: 0.3333333333333333
    m_ClipIn: 0
    m_Asset: {fileID: -7249851352741318622}
    m_Duration: 5
    m_TimeScale: 1
    m_ParentTrack: {fileID: -5180739838297021298}
    m_EaseInDuration: 0
    m_EaseOutDuration: 0
    m_BlendInDuration: -1
    m_BlendOutDuration: -1
    m_MixInCurve:
      serializedVersion: 2
      m_Curve:
      - serializedVersion: 3
        time: 0
        value: 0
        inSlope: 0
        outSlope: 0
        tangentMode: 0
        weightedMode: 0
        inWeight: 0
        outWeight: 0
      - serializedVersion: 3
        time: 1
        value: 1
        inSlope: 0
        outSlope: 0
        tangentMode: 0
        weightedMode: 0
        inWeight: 0
        outWeight: 0
      m_PreInfinity: 2
      m_PostInfinity: 2
      m_RotationOrder: 4
    m_MixOutCurve:
      serializedVersion: 2
      m_Curve:
      - serializedVersion: 3
        time: 0
        value: 1
        inSlope: 0
        outSlope: 0
        tangentMode: 0
        weightedMode: 0
        inWeight: 0
        outWeight: 0
      - serializedVersion: 3
        time: 1
        value: 0
        inSlope: 0
        outSlope: 0
        tangentMode: 0
        weightedMode: 0
        inWeight: 0
        outWeight: 0
      m_PreInfinity: 2
      m_PostInfinity: 2
      m_RotationOrder: 4
    m_BlendInCurveMode: 0
    m_BlendOutCurveMode: 0
    m_ExposedParameterNames: []
    m_AnimationCurves: {fileID: 0}
    m_Recordable: 0
    m_PostExtrapolationMode: 0
    m_PreExtrapolationMode: 0
    m_PostExtrapolationTime: 0
    m_PreExtrapolationTime: 0
    m_DisplayName: Layer1 / Action0_Auto
  director: {fileID: 0}
--- !u!114 &-7048755231794675387
MonoBehaviour:
  m_ObjectHideFlags: 1
  m_CorrespondingSourceObject: {fileID: 0}
  m_PrefabInstance: {fileID: 0}
  m_PrefabAsset: {fileID: 0}
  m_GameObject: {fileID: 0}
  m_Enabled: 1
  m_EditorHideFlags: 0
  m_Script: {fileID: 11500000, guid: d0fc6f5187a81dc47999eefade6f0935, type: 3}
  m_Name: "<Binding> \u6F14\u51FA\u4E8C"
  m_EditorClassIdentifier: 
  m_Version: 3
  m_AnimClip: {fileID: 0}
  m_Locked: 0
  m_Muted: 0
  m_CustomPlayableFullTypename: 
  m_Curves: {fileID: 0}
  m_Parent: {fileID: 11400000}
  m_Children: []
  m_Clips: []
  m_Markers:
    m_Objects: []
--- !u!114 &-6445559678160985924
MonoBehaviour:
  m_ObjectHideFlags: 1
  m_CorrespondingSourceObject: {fileID: 0}
  m_PrefabInstance: {fileID: 0}
  m_PrefabAsset: {fileID: 0}
  m_GameObject: {fileID: 0}
  m_Enabled: 1
  m_EditorHideFlags: 0
  m_Script: {fileID: 11500000, guid: d0fc6f5187a81dc47999eefade6f0935, type: 3}
  m_Name: "<Binding> \u64AD\u653E\u6C92\u554F\u984C\uFF0C\u9019\u662F\u6700\u5F8C\u4E00\u53E5\u779C!"
  m_EditorClassIdentifier: 
  m_Version: 3
  m_AnimClip: {fileID: 0}
  m_Locked: 0
  m_Muted: 0
  m_CustomPlayableFullTypename: 
  m_Curves: {fileID: 0}
  m_Parent: {fileID: 11400000}
  m_Children: []
  m_Clips: []
  m_Markers:
    m_Objects: []
--- !u!114 &-5635816927183642100
MonoBehaviour:
  m_ObjectHideFlags: 1
  m_CorrespondingSourceObject: {fileID: 0}
  m_PrefabInstance: {fileID: 0}
  m_PrefabAsset: {fileID: 0}
  m_GameObject: {fileID: 0}
  m_Enabled: 1
  m_EditorHideFlags: 0
  m_Script: {fileID: 11500000, guid: d0fc6f5187a81dc47999eefade6f0935, type: 3}
  m_Name: Cut3
  m_EditorClassIdentifier: 
  m_Version: 3
  m_AnimClip: {fileID: 0}
  m_Locked: 0
  m_Muted: 0
  m_CustomPlayableFullTypename: 
  m_Curves: {fileID: 0}
  m_Parent: {fileID: -7875390834866907442}
  m_Children: []
  m_Clips: []
  m_Markers:
    m_Objects: []
--- !u!114 &-5180739838297021298
MonoBehaviour:
  m_ObjectHideFlags: 1
  m_CorrespondingSourceObject: {fileID: 0}
  m_PrefabInstance: {fileID: 0}
  m_PrefabAsset: {fileID: 0}
  m_GameObject: {fileID: 0}
  m_Enabled: 1
  m_EditorHideFlags: 0
  m_Script: {fileID: 11500000, guid: 838868595a4549e4ea526eea87ca97e7, type: 3}
  m_Name: HH Character Animtion TL Track
  m_EditorClassIdentifier: 
  m_Version: 3
  m_AnimClip: {fileID: 0}
  m_Locked: 0
  m_Muted: 0
  m_CustomPlayableFullTypename: 
  m_Curves: {fileID: 0}
  m_Parent: {fileID: 11400000}
  m_Children: []
  m_Clips:
  - m_Version: 1
    m_Start: 0.3333333333333333
    m_ClipIn: 0
    m_Asset: {fileID: -7249851352741318622}
    m_Duration: 5
    m_TimeScale: 1
    m_ParentTrack: {fileID: -5180739838297021298}
    m_EaseInDuration: 0
    m_EaseOutDuration: 0
    m_BlendInDuration: -1
    m_BlendOutDuration: -1
    m_MixInCurve:
      serializedVersion: 2
      m_Curve:
      - serializedVersion: 3
        time: 0
        value: 0
        inSlope: 0
        outSlope: 0
        tangentMode: 0
        weightedMode: 0
        inWeight: 0
        outWeight: 0
      - serializedVersion: 3
        time: 1
        value: 1
        inSlope: 0
        outSlope: 0
        tangentMode: 0
        weightedMode: 0
        inWeight: 0
        outWeight: 0
      m_PreInfinity: 2
      m_PostInfinity: 2
      m_RotationOrder: 4
    m_MixOutCurve:
      serializedVersion: 2
      m_Curve:
      - serializedVersion: 3
        time: 0
        value: 1
        inSlope: 0
        outSlope: 0
        tangentMode: 0
        weightedMode: 0
        inWeight: 0
        outWeight: 0
      - serializedVersion: 3
        time: 1
        value: 0
        inSlope: 0
        outSlope: 0
        tangentMode: 0
        weightedMode: 0
        inWeight: 0
        outWeight: 0
      m_PreInfinity: 2
      m_PostInfinity: 2
      m_RotationOrder: 4
    m_BlendInCurveMode: 0
    m_BlendOutCurveMode: 0
    m_ExposedParameterNames: []
    m_AnimationCurves: {fileID: 0}
    m_Recordable: 0
    m_PostExtrapolationMode: 0
    m_PreExtrapolationMode: 0
    m_PostExtrapolationTime: 0
    m_PreExtrapolationTime: 0
    m_DisplayName: Layer1 / Action0_Auto
  m_Markers:
    m_Objects: []
--- !u!114 &-4880277575751951497
MonoBehaviour:
  m_ObjectHideFlags: 1
  m_CorrespondingSourceObject: {fileID: 0}
  m_PrefabInstance: {fileID: 0}
  m_PrefabAsset: {fileID: 0}
  m_GameObject: {fileID: 0}
  m_Enabled: 1
  m_EditorHideFlags: 0
  m_Script: {fileID: 11500000, guid: 90fb794a295e73545af71bcdb7375791, type: 3}
  m_Name: CinemachineShot
  m_EditorClassIdentifier: 
  DisplayName: 
  VirtualCamera:
    exposedName: 64bba9da174565f41be72dc3f041ccda
    defaultValue: {fileID: 0}
--- !u!114 &-4522238754315009162
MonoBehaviour:
  m_ObjectHideFlags: 1
  m_CorrespondingSourceObject: {fileID: 0}
  m_PrefabInstance: {fileID: 0}
  m_PrefabAsset: {fileID: 0}
  m_GameObject: {fileID: 0}
  m_Enabled: 1
  m_EditorHideFlags: 0
  m_Script: {fileID: 11500000, guid: d0fc6f5187a81dc47999eefade6f0935, type: 3}
  m_Name: Cut2
  m_EditorClassIdentifier: 
  m_Version: 3
  m_AnimClip: {fileID: 0}
  m_Locked: 0
  m_Muted: 0
  m_CustomPlayableFullTypename: 
  m_Curves: {fileID: 0}
  m_Parent: {fileID: -7875390834866907442}
  m_Children: []
  m_Clips: []
  m_Markers:
    m_Objects: []
--- !u!114 &-4114572941587615341
MonoBehaviour:
  m_ObjectHideFlags: 1
  m_CorrespondingSourceObject: {fileID: 0}
  m_PrefabInstance: {fileID: 0}
  m_PrefabAsset: {fileID: 0}
  m_GameObject: {fileID: 0}
  m_Enabled: 1
  m_EditorHideFlags: 0
  m_Script: {fileID: 11500000, guid: 05acc715f855ced458d76ee6f8ac6c61, type: 3}
  m_Name: Cinemachine Track
  m_EditorClassIdentifier: 
  m_Version: 3
  m_AnimClip: {fileID: 0}
  m_Locked: 0
  m_Muted: 0
  m_CustomPlayableFullTypename: 
  m_Curves: {fileID: 0}
  m_Parent: {fileID: 11400000}
  m_Children: []
  m_Clips:
  - m_Version: 1
    m_Start: 0
    m_ClipIn: 0
    m_Asset: {fileID: -8735926881959158557}
    m_Duration: 2
    m_TimeScale: 1
    m_ParentTrack: {fileID: -4114572941587615341}
    m_EaseInDuration: 0
    m_EaseOutDuration: 0
    m_BlendInDuration: -1
    m_BlendOutDuration: -1
    m_MixInCurve:
      serializedVersion: 2
      m_Curve:
      - serializedVersion: 3
        time: 0
        value: 0
        inSlope: 0
        outSlope: 0
        tangentMode: 0
        weightedMode: 0
        inWeight: 0
        outWeight: 0
      - serializedVersion: 3
        time: 1
        value: 1
        inSlope: 0
        outSlope: 0
        tangentMode: 0
        weightedMode: 0
        inWeight: 0
        outWeight: 0
      m_PreInfinity: 2
      m_PostInfinity: 2
      m_RotationOrder: 4
    m_MixOutCurve:
      serializedVersion: 2
      m_Curve:
      - serializedVersion: 3
        time: 0
        value: 1
        inSlope: 0
        outSlope: 0
        tangentMode: 0
        weightedMode: 0
        inWeight: 0
        outWeight: 0
      - serializedVersion: 3
        time: 1
        value: 0
        inSlope: 0
        outSlope: 0
        tangentMode: 0
        weightedMode: 0
        inWeight: 0
        outWeight: 0
      m_PreInfinity: 2
      m_PostInfinity: 2
      m_RotationOrder: 4
    m_BlendInCurveMode: 0
    m_BlendOutCurveMode: 0
    m_ExposedParameterNames: []
    m_AnimationCurves: {fileID: 0}
    m_Recordable: 0
    m_PostExtrapolationMode: 0
    m_PreExtrapolationMode: 0
    m_PostExtrapolationTime: 0
    m_PreExtrapolationTime: 0
    m_DisplayName: CM vcam1
  - m_Version: 1
    m_Start: 2
    m_ClipIn: 0
    m_Asset: {fileID: 5156696513642086223}
    m_Duration: 3
    m_TimeScale: 1
    m_ParentTrack: {fileID: -4114572941587615341}
    m_EaseInDuration: 0
    m_EaseOutDuration: 0
    m_BlendInDuration: -1
    m_BlendOutDuration: -1
    m_MixInCurve:
      serializedVersion: 2
      m_Curve:
      - serializedVersion: 3
        time: 0
        value: 0
        inSlope: 0
        outSlope: 0
        tangentMode: 0
        weightedMode: 0
        inWeight: 0
        outWeight: 0
      - serializedVersion: 3
        time: 1
        value: 1
        inSlope: 0
        outSlope: 0
        tangentMode: 0
        weightedMode: 0
        inWeight: 0
        outWeight: 0
      m_PreInfinity: 2
      m_PostInfinity: 2
      m_RotationOrder: 4
    m_MixOutCurve:
      serializedVersion: 2
      m_Curve:
      - serializedVersion: 3
        time: 0
        value: 1
        inSlope: 0
        outSlope: 0
        tangentMode: 0
        weightedMode: 0
        inWeight: 0
        outWeight: 0
      - serializedVersion: 3
        time: 1
        value: 0
        inSlope: 0
        outSlope: 0
        tangentMode: 0
        weightedMode: 0
        inWeight: 0
        outWeight: 0
      m_PreInfinity: 2
      m_PostInfinity: 2
      m_RotationOrder: 4
    m_BlendInCurveMode: 0
    m_BlendOutCurveMode: 0
    m_ExposedParameterNames: []
    m_AnimationCurves: {fileID: 0}
    m_Recordable: 0
    m_PostExtrapolationMode: 0
    m_PreExtrapolationMode: 0
    m_PostExtrapolationTime: 0
    m_PreExtrapolationTime: 0
    m_DisplayName: CM vcam2
  - m_Version: 1
    m_Start: 5
    m_ClipIn: 0
    m_Asset: {fileID: -4880277575751951497}
    m_Duration: 3
    m_TimeScale: 1
    m_ParentTrack: {fileID: -4114572941587615341}
    m_EaseInDuration: 0
    m_EaseOutDuration: 0
    m_BlendInDuration: -1
    m_BlendOutDuration: -1
    m_MixInCurve:
      serializedVersion: 2
      m_Curve:
      - serializedVersion: 3
        time: 0
        value: 0
        inSlope: 0
        outSlope: 0
        tangentMode: 0
        weightedMode: 0
        inWeight: 0
        outWeight: 0
      - serializedVersion: 3
        time: 1
        value: 1
        inSlope: 0
        outSlope: 0
        tangentMode: 0
        weightedMode: 0
        inWeight: 0
        outWeight: 0
      m_PreInfinity: 2
      m_PostInfinity: 2
      m_RotationOrder: 4
    m_MixOutCurve:
      serializedVersion: 2
      m_Curve:
      - serializedVersion: 3
        time: 0
        value: 1
        inSlope: 0
        outSlope: 0
        tangentMode: 0
        weightedMode: 0
        inWeight: 0
        outWeight: 0
      - serializedVersion: 3
        time: 1
        value: 0
        inSlope: 0
        outSlope: 0
        tangentMode: 0
        weightedMode: 0
        inWeight: 0
        outWeight: 0
      m_PreInfinity: 2
      m_PostInfinity: 2
      m_RotationOrder: 4
    m_BlendInCurveMode: 0
    m_BlendOutCurveMode: 0
    m_ExposedParameterNames: []
    m_AnimationCurves: {fileID: 0}
    m_Recordable: 0
    m_PostExtrapolationMode: 0
    m_PreExtrapolationMode: 0
    m_PostExtrapolationTime: 0
    m_PreExtrapolationTime: 0
    m_DisplayName: CM vcam3
  m_Markers:
    m_Objects: []
--- !u!114 &-2031335036676694658
MonoBehaviour:
  m_ObjectHideFlags: 1
  m_CorrespondingSourceObject: {fileID: 0}
  m_PrefabInstance: {fileID: 0}
  m_PrefabAsset: {fileID: 0}
  m_GameObject: {fileID: 0}
  m_Enabled: 1
  m_EditorHideFlags: 0
  m_Script: {fileID: 11500000, guid: 86b796b2e8a60dc44898c23989086d89, type: 3}
  m_Name: UtageTLLineAsset
  m_EditorClassIdentifier: 
  type: 1
  endEventType: 0
  jumpToSenario: 
  prePivotLine: {fileID: 127380891057747980}
  posPivotLine: {fileID: 1140646561506884662}
  pre: "\u4F60\u53EF\u4EE5\u4F7F\u7528\u9019\u500B\u5C0D\u8A71\u4E8B\u4EF6\uFF0C\u6E2C\u8A66\u7070\u76D2\u6D41\u7A0B"
  pos: "\u64AD\u653E\u6C92\u554F\u984C\uFF0C\u9019\u662F\u6700\u5F8C\u4E00\u53E5\u779C!"
  clip:
    m_Version: 1
    m_Start: 5
    m_ClipIn: 0
    m_Asset: {fileID: -2031335036676694658}
    m_Duration: 1
    m_TimeScale: 1
    m_ParentTrack: {fileID: 3704131036440775469}
    m_EaseInDuration: 0
    m_EaseOutDuration: 0
    m_BlendInDuration: -1
    m_BlendOutDuration: -1
    m_MixInCurve:
      serializedVersion: 2
      m_Curve: []
      m_PreInfinity: 2
      m_PostInfinity: 2
      m_RotationOrder: 4
    m_MixOutCurve:
      serializedVersion: 2
      m_Curve: []
      m_PreInfinity: 2
      m_PostInfinity: 2
      m_RotationOrder: 4
    m_BlendInCurveMode: 0
    m_BlendOutCurveMode: 0
    m_ExposedParameterNames: []
    m_AnimationCurves: {fileID: 0}
    m_Recordable: 0
    m_PostExtrapolationMode: 0
    m_PreExtrapolationMode: 0
    m_PostExtrapolationTime: 0
    m_PreExtrapolationTime: 0
    m_DisplayName: "\u6F14\u51FA\u4E8C"
  template:
    lineData:
      characterId: "\u6F14\u51FA\u4E8C"
      line: "\u6F14\u51FA\u4E8C"
      guid: 87910f9f-785a-492f-bda7-13920dc17a5e
      index: 3
      blockName: '*DialogEvent_Placeholder_01'
      belongBlock: {fileID: 0}
      lineAsset: {fileID: -2031335036676694658}
    speakAni: 1
  onClipChangeEvent:
    m_PersistentCalls:
      m_Calls: []
  Duration: 1
  StartPoint: 5
  bindings:
  - {fileID: 7329483652361704048}
  changeType: 2
--- !u!114 &-1948383148338898397
MonoBehaviour:
  m_ObjectHideFlags: 1
  m_CorrespondingSourceObject: {fileID: 0}
  m_PrefabInstance: {fileID: 0}
  m_PrefabAsset: {fileID: 0}
  m_GameObject: {fileID: 0}
  m_Enabled: 1
  m_EditorHideFlags: 0
  m_Script: {fileID: 11500000, guid: d0fc6f5187a81dc47999eefade6f0935, type: 3}
  m_Name: "<Binding> \u4F60\u53EF\u4EE5\u4F7F\u7528\u9019\u500B\u5C0D\u8A71\u4E8B\u4EF6\uFF0C\u6E2C\u8A66\u7070\u76D2\u6D41\u7A0B"
  m_EditorClassIdentifier: 
  m_Version: 3
  m_AnimClip: {fileID: 0}
  m_Locked: 0
  m_Muted: 0
  m_CustomPlayableFullTypename: 
  m_Curves: {fileID: 0}
  m_Parent: {fileID: 11400000}
  m_Children: []
  m_Clips: []
  m_Markers:
    m_Objects: []
--- !u!114 &-1612858223843049068
MonoBehaviour:
  m_ObjectHideFlags: 1
  m_CorrespondingSourceObject: {fileID: 0}
  m_PrefabInstance: {fileID: 0}
  m_PrefabAsset: {fileID: 0}
  m_GameObject: {fileID: 0}
  m_Enabled: 1
  m_EditorHideFlags: 0
  m_Script: {fileID: 11500000, guid: d0fc6f5187a81dc47999eefade6f0935, type: 3}
  m_Name: "<Binding> \u9019\u500B\u662F\u6E2C\u8A66\u7528\u7684\u5C0D\u8A71\u4E8B\u4EF6"
  m_EditorClassIdentifier: 
  m_Version: 3
  m_AnimClip: {fileID: 0}
  m_Locked: 0
  m_Muted: 0
  m_CustomPlayableFullTypename: 
  m_Curves: {fileID: 0}
  m_Parent: {fileID: 11400000}
  m_Children: []
  m_Clips: []
  m_Markers:
    m_Objects: []
--- !u!114 &-1043960552938907890
MonoBehaviour:
  m_ObjectHideFlags: 1
  m_CorrespondingSourceObject: {fileID: 0}
  m_PrefabInstance: {fileID: 0}
  m_PrefabAsset: {fileID: 0}
  m_GameObject: {fileID: 0}
  m_Enabled: 1
  m_EditorHideFlags: 0
  m_Script: {fileID: 11500000, guid: 86b796b2e8a60dc44898c23989086d89, type: 3}
  m_Name: UtageTLLineAsset
  m_EditorClassIdentifier: 
  type: 1
  endEventType: 0
  jumpToSenario: 
  prePivotLine: {fileID: 775067364374393913}
  posPivotLine: {fileID: 127380891057747980}
  pre: "\u9019\u500B\u662F\u6E2C\u8A66\u7528\u7684\u5C0D\u8A71\u4E8B\u4EF6"
  pos: "\u4F60\u53EF\u4EE5\u4F7F\u7528\u9019\u500B\u5C0D\u8A71\u4E8B\u4EF6\uFF0C\u6E2C\u8A66\u7070\u76D2\u6D41\u7A0B"
  clip:
    m_Version: 1
    m_Start: 2
    m_ClipIn: 0
    m_Asset: {fileID: -1043960552938907890}
    m_Duration: 1
    m_TimeScale: 1
    m_ParentTrack: {fileID: 3704131036440775469}
    m_EaseInDuration: 0
    m_EaseOutDuration: 0
    m_BlendInDuration: -1
    m_BlendOutDuration: -1
    m_MixInCurve:
      serializedVersion: 2
      m_Curve: []
      m_PreInfinity: 2
      m_PostInfinity: 2
      m_RotationOrder: 4
    m_MixOutCurve:
      serializedVersion: 2
      m_Curve: []
      m_PreInfinity: 2
      m_PostInfinity: 2
      m_RotationOrder: 4
    m_BlendInCurveMode: 0
    m_BlendOutCurveMode: 0
    m_ExposedParameterNames: []
    m_AnimationCurves: {fileID: 0}
    m_Recordable: 0
    m_PostExtrapolationMode: 0
    m_PreExtrapolationMode: 0
    m_PostExtrapolationTime: 0
    m_PreExtrapolationTime: 0
    m_DisplayName: "\u6F14\u51FA\u4E00"
  template:
    lineData:
      characterId: "\u6F14\u51FA\u4E00"
      line: "\u6F14\u51FA\u4E00"
      guid: 91c29f7a-97c0-42fb-90a9-b47bac71bd89
      index: 1
      blockName: '*DialogEvent_Placeholder_01'
      belongBlock: {fileID: 0}
      lineAsset: {fileID: -1043960552938907890}
    speakAni: 1
  onClipChangeEvent:
    m_PersistentCalls:
      m_Calls: []
  Duration: 1
  StartPoint: 2
  bindings:
  - {fileID: 8405389695625392256}
  changeType: 2
--- !u!114 &-722436167228645935
MonoBehaviour:
  m_ObjectHideFlags: 1
  m_CorrespondingSourceObject: {fileID: 0}
  m_PrefabInstance: {fileID: 0}
  m_PrefabAsset: {fileID: 0}
  m_GameObject: {fileID: 0}
  m_Enabled: 1
  m_EditorHideFlags: 0
  m_Script: {fileID: 11500000, guid: 21bf7f712d84d26478ebe6a299f21738, type: 3}
  m_Name: Activation Track
  m_EditorClassIdentifier: 
  m_Version: 3
  m_AnimClip: {fileID: 0}
  m_Locked: 0
  m_Muted: 0
  m_CustomPlayableFullTypename: 
  m_Curves: {fileID: 0}
  m_Parent: {fileID: 11400000}
  m_Children: []
  m_Clips:
  - m_Version: 1
    m_Start: 0
    m_ClipIn: 0
    m_Asset: {fileID: 5196918089779116249}
    m_Duration: 8
    m_TimeScale: 1
    m_ParentTrack: {fileID: -722436167228645935}
    m_EaseInDuration: 0
    m_EaseOutDuration: 0
    m_BlendInDuration: 0
    m_BlendOutDuration: 0
    m_MixInCurve:
      serializedVersion: 2
      m_Curve:
      - serializedVersion: 3
        time: 0
        value: 0
        inSlope: 0
        outSlope: 0
        tangentMode: 0
        weightedMode: 0
        inWeight: 0
        outWeight: 0
      - serializedVersion: 3
        time: 1
        value: 1
        inSlope: 0
        outSlope: 0
        tangentMode: 0
        weightedMode: 0
        inWeight: 0
        outWeight: 0
      m_PreInfinity: 2
      m_PostInfinity: 2
      m_RotationOrder: 4
    m_MixOutCurve:
      serializedVersion: 2
      m_Curve:
      - serializedVersion: 3
        time: 0
        value: 1
        inSlope: 0
        outSlope: 0
        tangentMode: 0
        weightedMode: 0
        inWeight: 0
        outWeight: 0
      - serializedVersion: 3
        time: 1
        value: 0
        inSlope: 0
        outSlope: 0
        tangentMode: 0
        weightedMode: 0
        inWeight: 0
        outWeight: 0
      m_PreInfinity: 2
      m_PostInfinity: 2
      m_RotationOrder: 4
    m_BlendInCurveMode: 0
    m_BlendOutCurveMode: 0
    m_ExposedParameterNames: []
    m_AnimationCurves: {fileID: 0}
    m_Recordable: 0
    m_PostExtrapolationMode: 0
    m_PreExtrapolationMode: 0
    m_PostExtrapolationTime: 0
    m_PreExtrapolationTime: 0
    m_DisplayName: Active
  m_Markers:
    m_Objects: []
  m_PostPlaybackState: 1
--- !u!114 &11400000
MonoBehaviour:
  m_ObjectHideFlags: 0
  m_CorrespondingSourceObject: {fileID: 0}
  m_PrefabInstance: {fileID: 0}
  m_PrefabAsset: {fileID: 0}
  m_GameObject: {fileID: 0}
  m_Enabled: 1
  m_EditorHideFlags: 0
  m_Script: {fileID: 11500000, guid: bfda56da833e2384a9677cd3c976a436, type: 3}
  m_Name: DialogEvent_Placeholder_01
  m_EditorClassIdentifier: 
  m_Version: 0
  m_Tracks:
  - {fileID: 3704131036440775469}
  - {fileID: 9037533730049027207}
  - {fileID: -4114572941587615341}
  - {fileID: -722436167228645935}
  - {fileID: -7875390834866907442}
  - {fileID: -1612858223843049068}
  - {fileID: -1948383148338898397}
  - {fileID: -6445559678160985924}
  - {fileID: -7957085396641039937}
  - {fileID: -7048755231794675387}
  - {fileID: -5180739838297021298}
  m_FixedDuration: 0
  m_EditorSettings:
    m_Framerate: 60
    m_ScenePreview: 1
  m_DurationMode: 0
  m_MarkerTrack: {fileID: 0}
--- !u!114 &127380891057747980
MonoBehaviour:
  m_ObjectHideFlags: 1
  m_CorrespondingSourceObject: {fileID: 0}
  m_PrefabInstance: {fileID: 0}
  m_PrefabAsset: {fileID: 0}
  m_GameObject: {fileID: 0}
  m_Enabled: 1
  m_EditorHideFlags: 0
  m_Script: {fileID: 11500000, guid: 86b796b2e8a60dc44898c23989086d89, type: 3}
  m_Name: UtageTLLineAsset
  m_EditorClassIdentifier: 
  type: 0
  endEventType: 0
  jumpToSenario: 
  prePivotLine: {fileID: 0}
  posPivotLine: {fileID: 0}
  pre: 
  pos: 
  clip:
    m_Version: 1
    m_Start: 3
    m_ClipIn: 0
    m_Asset: {fileID: 127380891057747980}
    m_Duration: 2
    m_TimeScale: 1
    m_ParentTrack: {fileID: 3704131036440775469}
    m_EaseInDuration: 0
    m_EaseOutDuration: 0
    m_BlendInDuration: -1
    m_BlendOutDuration: -1
    m_MixInCurve:
      serializedVersion: 2
      m_Curve: []
      m_PreInfinity: 2
      m_PostInfinity: 2
      m_RotationOrder: 4
    m_MixOutCurve:
      serializedVersion: 2
      m_Curve: []
      m_PreInfinity: 2
      m_PostInfinity: 2
      m_RotationOrder: 4
    m_BlendInCurveMode: 0
    m_BlendOutCurveMode: 0
    m_ExposedParameterNames: []
    m_AnimationCurves: {fileID: 0}
    m_Recordable: 0
    m_PostExtrapolationMode: 0
    m_PreExtrapolationMode: 0
    m_PostExtrapolationTime: 0
    m_PreExtrapolationTime: 0
    m_DisplayName: "\u5B89 \n \u4F60\u53EF\u4EE5\u4F7F\u7528\u9019\u500B\u5C0D\u8A71\u4E8B\u4EF6\uFF0C\u6E2C\u8A66\u7070\u76D2\u6D41\u7A0B"
  template:
    lineData:
      characterId: "\u5B89"
      line: "\u4F60\u53EF\u4EE5\u4F7F\u7528\u9019\u500B\u5C0D\u8A71\u4E8B\u4EF6\uFF0C\u6E2C\u8A66\u7070\u76D2\u6D41\u7A0B"
      guid: a26668f8-f5de-1d57-ec66-9ec659042634
      index: 2
      blockName: '*DialogEvent_Placeholder_01'
      belongBlock: {fileID: 0}
      lineAsset: {fileID: 127380891057747980}
    speakAni: 1
  onClipChangeEvent:
    m_PersistentCalls:
      m_Calls: []
  Duration: 2
  StartPoint: 3
  bindings:
  - {fileID: 2315341001618905090}
  changeType: 2
--- !u!114 &775067364374393913
MonoBehaviour:
  m_ObjectHideFlags: 1
  m_CorrespondingSourceObject: {fileID: 0}
  m_PrefabInstance: {fileID: 0}
  m_PrefabAsset: {fileID: 0}
  m_GameObject: {fileID: 0}
  m_Enabled: 1
  m_EditorHideFlags: 0
  m_Script: {fileID: 11500000, guid: 86b796b2e8a60dc44898c23989086d89, type: 3}
  m_Name: UtageTLLineAsset
  m_EditorClassIdentifier: 
  type: 0
  endEventType: 0
  jumpToSenario: 
  prePivotLine: {fileID: 0}
  posPivotLine: {fileID: 0}
  pre: 
  pos: 
  clip:
    m_Version: 1
    m_Start: 0
    m_ClipIn: 0
    m_Asset: {fileID: 775067364374393913}
    m_Duration: 2
    m_TimeScale: 1
    m_ParentTrack: {fileID: 3704131036440775469}
    m_EaseInDuration: 0
    m_EaseOutDuration: 0
    m_BlendInDuration: -1
    m_BlendOutDuration: -1
    m_MixInCurve:
      serializedVersion: 2
      m_Curve:
      - serializedVersion: 3
        time: 0
        value: 0
        inSlope: 0
        outSlope: 0
        tangentMode: 0
        weightedMode: 0
        inWeight: 0
        outWeight: 0
      - serializedVersion: 3
        time: 1
        value: 1
        inSlope: 0
        outSlope: 0
        tangentMode: 0
        weightedMode: 0
        inWeight: 0
        outWeight: 0
      m_PreInfinity: 2
      m_PostInfinity: 2
      m_RotationOrder: 4
    m_MixOutCurve:
      serializedVersion: 2
      m_Curve:
      - serializedVersion: 3
        time: 0
        value: 1
        inSlope: 0
        outSlope: 0
        tangentMode: 0
        weightedMode: 0
        inWeight: 0
        outWeight: 0
      - serializedVersion: 3
        time: 1
        value: 0
        inSlope: 0
        outSlope: 0
        tangentMode: 0
        weightedMode: 0
        inWeight: 0
        outWeight: 0
      m_PreInfinity: 2
      m_PostInfinity: 2
      m_RotationOrder: 4
    m_BlendInCurveMode: 0
    m_BlendOutCurveMode: 0
    m_ExposedParameterNames: []
    m_AnimationCurves: {fileID: 0}
    m_Recordable: 0
    m_PostExtrapolationMode: 0
    m_PreExtrapolationMode: 0
    m_PostExtrapolationTime: 0
    m_PreExtrapolationTime: 0
    m_DisplayName: "\u5B89 \n \u9019\u500B\u662F\u6E2C\u8A66\u7528\u7684\u5C0D\u8A71\u4E8B\u4EF6"
  template:
    lineData:
      characterId: "\u5B89"
      line: "\u9019\u500B\u662F\u6E2C\u8A66\u7528\u7684\u5C0D\u8A71\u4E8B\u4EF6"
      guid: 34bddd52-96b0-c141-ed89-54bd8afe14a8
      index: 0
      blockName: '*DialogEvent_Placeholder_01'
      belongBlock: {fileID: 0}
      lineAsset: {fileID: 775067364374393913}
    speakAni: 1
  onClipChangeEvent:
    m_PersistentCalls:
      m_Calls: []
  Duration: 2
  StartPoint: 0
  bindings:
  - {fileID: -9036674301955735545}
  changeType: 2
--- !u!114 &1140646561506884662
MonoBehaviour:
  m_ObjectHideFlags: 1
  m_CorrespondingSourceObject: {fileID: 0}
  m_PrefabInstance: {fileID: 0}
  m_PrefabAsset: {fileID: 0}
  m_GameObject: {fileID: 0}
  m_Enabled: 1
  m_EditorHideFlags: 0
  m_Script: {fileID: 11500000, guid: 86b796b2e8a60dc44898c23989086d89, type: 3}
  m_Name: UtageTLLineAsset
  m_EditorClassIdentifier: 
  type: 0
  endEventType: 4
  jumpToSenario: 
  prePivotLine: {fileID: 0}
  posPivotLine: {fileID: 0}
  pre: 
  pos: 
  clip:
    m_Version: 1
    m_Start: 6
    m_ClipIn: 0
    m_Asset: {fileID: 1140646561506884662}
    m_Duration: 2
    m_TimeScale: 1
    m_ParentTrack: {fileID: 3704131036440775469}
    m_EaseInDuration: 0
    m_EaseOutDuration: 0
    m_BlendInDuration: -1
    m_BlendOutDuration: -1
    m_MixInCurve:
      serializedVersion: 2
      m_Curve: []
      m_PreInfinity: 2
      m_PostInfinity: 2
      m_RotationOrder: 4
    m_MixOutCurve:
      serializedVersion: 2
      m_Curve: []
      m_PreInfinity: 2
      m_PostInfinity: 2
      m_RotationOrder: 4
    m_BlendInCurveMode: 0
    m_BlendOutCurveMode: 0
    m_ExposedParameterNames: []
    m_AnimationCurves: {fileID: 0}
    m_Recordable: 0
    m_PostExtrapolationMode: 0
    m_PreExtrapolationMode: 0
    m_PostExtrapolationTime: 0
    m_PreExtrapolationTime: 0
    m_DisplayName: "\u5B89 \n \u64AD\u653E\u6C92\u554F\u984C\uFF0C\u9019\u662F\u6700\u5F8C\u4E00\u53E5\u779C!"
  template:
    lineData:
      characterId: "\u5B89"
      line: "\u64AD\u653E\u6C92\u554F\u984C\uFF0C\u9019\u662F\u6700\u5F8C\u4E00\u53E5\u779C!"
      guid: 7adf382b-fe65-2163-0765-586b8c34ec46
      index: 4
      blockName: '*DialogEvent_Placeholder_01'
      belongBlock: {fileID: 0}
      lineAsset: {fileID: 1140646561506884662}
    speakAni: 1
  onClipChangeEvent:
    m_PersistentCalls:
      m_Calls: []
  Duration: 2
  StartPoint: 6
  bindings:
  - {fileID: 5500233749147836188}
  changeType: 2
--- !u!114 &1238494561427209744
MonoBehaviour:
  m_ObjectHideFlags: 1
  m_CorrespondingSourceObject: {fileID: 0}
  m_PrefabInstance: {fileID: 0}
  m_PrefabAsset: {fileID: 0}
  m_GameObject: {fileID: 0}
  m_Enabled: 1
  m_EditorHideFlags: 0
  m_Script: {fileID: 11500000, guid: d0fc6f5187a81dc47999eefade6f0935, type: 3}
  m_Name: Cut1
  m_EditorClassIdentifier: 
  m_Version: 3
  m_AnimClip: {fileID: 0}
  m_Locked: 0
  m_Muted: 0
  m_CustomPlayableFullTypename: 
  m_Curves: {fileID: 0}
  m_Parent: {fileID: -7875390834866907442}
  m_Children: []
  m_Clips: []
  m_Markers:
    m_Objects: []
--- !u!114 &2315341001618905090
MonoBehaviour:
  m_ObjectHideFlags: 1
  m_CorrespondingSourceObject: {fileID: 0}
  m_PrefabInstance: {fileID: 0}
  m_PrefabAsset: {fileID: 0}
  m_GameObject: {fileID: 0}
  m_Enabled: 1
  m_EditorHideFlags: 0
  m_Script: {fileID: 11500000, guid: 371f3706e0175d94282097d793dc82f1, type: 3}
  m_Name: TLBindingContrlAsset
  m_EditorClassIdentifier: 
  clip:
    m_Version: 1
    m_Start: 3
    m_ClipIn: 0
    m_Asset: {fileID: 2315341001618905090}
    m_Duration: 2
    m_TimeScale: 1
    m_ParentTrack: {fileID: 9037533730049027207}
    m_EaseInDuration: 0
    m_EaseOutDuration: 0
    m_BlendInDuration: -1
    m_BlendOutDuration: -1
    m_MixInCurve:
      serializedVersion: 2
      m_Curve: []
      m_PreInfinity: 2
      m_PostInfinity: 2
      m_RotationOrder: 4
    m_MixOutCurve:
      serializedVersion: 2
      m_Curve: []
      m_PreInfinity: 2
      m_PostInfinity: 2
      m_RotationOrder: 4
    m_BlendInCurveMode: 0
    m_BlendOutCurveMode: 0
    m_ExposedParameterNames: []
    m_AnimationCurves: {fileID: 0}
    m_Recordable: 0
    m_PostExtrapolationMode: 0
    m_PreExtrapolationMode: 0
    m_PostExtrapolationTime: 0
    m_PreExtrapolationTime: 0
    m_DisplayName: "<Binding>\n\u4F60\u53EF\u4EE5\u4F7F\u7528\u9019\u500B\u5C0D\u8A71\u4E8B\u4EF6\uFF0C\u6E2C\u8A66\u7070\u76D2\u6D41\u7A0B"
  isMute: 0
  playableAsset: {fileID: 11400000}
  bindingData:
    m_clip:
      m_Version: 1
      m_Start: 3
      m_ClipIn: 0
      m_Asset: {fileID: 127380891057747980}
      m_Duration: 2
      m_TimeScale: 1
      m_ParentTrack: {fileID: 3704131036440775469}
      m_EaseInDuration: 0
      m_EaseOutDuration: 0
      m_BlendInDuration: -1
      m_BlendOutDuration: -1
      m_MixInCurve:
        serializedVersion: 2
        m_Curve: []
        m_PreInfinity: 2
        m_PostInfinity: 2
        m_RotationOrder: 4
      m_MixOutCurve:
        serializedVersion: 2
        m_Curve: []
        m_PreInfinity: 2
        m_PostInfinity: 2
        m_RotationOrder: 4
      m_BlendInCurveMode: 0
      m_BlendOutCurveMode: 0
      m_ExposedParameterNames: []
      m_AnimationCurves: {fileID: 0}
      m_Recordable: 0
      m_PostExtrapolationMode: 0
      m_PreExtrapolationMode: 0
      m_PostExtrapolationTime: 0
      m_PreExtrapolationTime: 0
      m_DisplayName: "\u5B89 \n \u4F60\u53EF\u4EE5\u4F7F\u7528\u9019\u500B\u5C0D\u8A71\u4E8B\u4EF6\uFF0C\u6E2C\u8A66\u7070\u76D2\u6D41\u7A0B"
    m_asset: {fileID: 127380891057747980}
  bindingDic:
    keyData: 00000000010000000200000003000000
    valueData:
    - m_clip:
        m_Version: 1
        m_Start: 0
        m_ClipIn: 0
        m_Asset: {fileID: 775067364374393913}
        m_Duration: 2
        m_TimeScale: 1
        m_ParentTrack: {fileID: 3704131036440775469}
        m_EaseInDuration: 0
        m_EaseOutDuration: 0
        m_BlendInDuration: -1
        m_BlendOutDuration: -1
        m_MixInCurve:
          serializedVersion: 2
          m_Curve:
          - serializedVersion: 3
            time: 0
            value: 0
            inSlope: 0
            outSlope: 0
            tangentMode: 0
            weightedMode: 0
            inWeight: 0
            outWeight: 0
          - serializedVersion: 3
            time: 1
            value: 1
            inSlope: 0
            outSlope: 0
            tangentMode: 0
            weightedMode: 0
            inWeight: 0
            outWeight: 0
          m_PreInfinity: 2
          m_PostInfinity: 2
          m_RotationOrder: 4
        m_MixOutCurve:
          serializedVersion: 2
          m_Curve:
          - serializedVersion: 3
            time: 0
            value: 1
            inSlope: 0
            outSlope: 0
            tangentMode: 0
            weightedMode: 0
            inWeight: 0
            outWeight: 0
          - serializedVersion: 3
            time: 1
            value: 0
            inSlope: 0
            outSlope: 0
            tangentMode: 0
            weightedMode: 0
            inWeight: 0
            outWeight: 0
          m_PreInfinity: 2
          m_PostInfinity: 2
          m_RotationOrder: 4
        m_BlendInCurveMode: 0
        m_BlendOutCurveMode: 0
        m_ExposedParameterNames: []
        m_AnimationCurves: {fileID: 0}
        m_Recordable: 0
        m_PostExtrapolationMode: 0
        m_PreExtrapolationMode: 0
        m_PostExtrapolationTime: 0
        m_PreExtrapolationTime: 0
        m_DisplayName: "\u5B89 \n \u9019\u500B\u662F\u6E2C\u8A66\u7528\u7684\u5C0D\u8A71\u4E8B\u4EF6"
      m_asset: {fileID: 775067364374393913}
    - m_clip:
        m_Version: 1
        m_Start: 2
        m_ClipIn: 0
        m_Asset: {fileID: -1043960552938907890}
        m_Duration: 1
        m_TimeScale: 1
        m_ParentTrack: {fileID: 3704131036440775469}
        m_EaseInDuration: 0
        m_EaseOutDuration: 0
        m_BlendInDuration: -1
        m_BlendOutDuration: -1
        m_MixInCurve:
          serializedVersion: 2
          m_Curve: []
          m_PreInfinity: 2
          m_PostInfinity: 2
          m_RotationOrder: 4
        m_MixOutCurve:
          serializedVersion: 2
          m_Curve: []
          m_PreInfinity: 2
          m_PostInfinity: 2
          m_RotationOrder: 4
        m_BlendInCurveMode: 0
        m_BlendOutCurveMode: 0
        m_ExposedParameterNames: []
        m_AnimationCurves: {fileID: 0}
        m_Recordable: 0
        m_PostExtrapolationMode: 0
        m_PreExtrapolationMode: 0
        m_PostExtrapolationTime: 0
        m_PreExtrapolationTime: 0
        m_DisplayName: "\u6F14\u51FA\u4E00"
      m_asset: {fileID: -1043960552938907890}
    - m_clip:
        m_Version: 1
        m_Start: 3
        m_ClipIn: 0
        m_Asset: {fileID: 127380891057747980}
        m_Duration: 2
        m_TimeScale: 1
        m_ParentTrack: {fileID: 3704131036440775469}
        m_EaseInDuration: 0
        m_EaseOutDuration: 0
        m_BlendInDuration: -1
        m_BlendOutDuration: -1
        m_MixInCurve:
          serializedVersion: 2
          m_Curve: []
          m_PreInfinity: 2
          m_PostInfinity: 2
          m_RotationOrder: 4
        m_MixOutCurve:
          serializedVersion: 2
          m_Curve: []
          m_PreInfinity: 2
          m_PostInfinity: 2
          m_RotationOrder: 4
        m_BlendInCurveMode: 0
        m_BlendOutCurveMode: 0
        m_ExposedParameterNames: []
        m_AnimationCurves: {fileID: 0}
        m_Recordable: 0
        m_PostExtrapolationMode: 0
        m_PreExtrapolationMode: 0
        m_PostExtrapolationTime: 0
        m_PreExtrapolationTime: 0
        m_DisplayName: "\u5B89 \n \u4F60\u53EF\u4EE5\u4F7F\u7528\u9019\u500B\u5C0D\u8A71\u4E8B\u4EF6\uFF0C\u6E2C\u8A66\u7070\u76D2\u6D41\u7A0B"
      m_asset: {fileID: 127380891057747980}
    - m_clip:
        m_Version: 1
        m_Start: 6
        m_ClipIn: 0
        m_Asset: {fileID: 1140646561506884662}
        m_Duration: 2
        m_TimeScale: 1
        m_ParentTrack: {fileID: 3704131036440775469}
        m_EaseInDuration: 0
        m_EaseOutDuration: 0
        m_BlendInDuration: -1
        m_BlendOutDuration: -1
        m_MixInCurve:
          serializedVersion: 2
          m_Curve: []
          m_PreInfinity: 2
          m_PostInfinity: 2
          m_RotationOrder: 4
        m_MixOutCurve:
          serializedVersion: 2
          m_Curve: []
          m_PreInfinity: 2
          m_PostInfinity: 2
          m_RotationOrder: 4
        m_BlendInCurveMode: 0
        m_BlendOutCurveMode: 0
        m_ExposedParameterNames: []
        m_AnimationCurves: {fileID: 0}
        m_Recordable: 0
        m_PostExtrapolationMode: 0
        m_PreExtrapolationMode: 0
        m_PostExtrapolationTime: 0
        m_PreExtrapolationTime: 0
        m_DisplayName: "\u5B89 \n \u64AD\u653E\u6C92\u554F\u984C\uFF0C\u9019\u662F\u6700\u5F8C\u4E00\u53E5\u779C!"
      m_asset: {fileID: 1140646561506884662}
  startOffset: 0
  scalerBaseValue: 1
  oriBindDuration: 2
  Duration: 0
  StartPoint: 0
  BindDuration: 2
  BindStart: 3
  SelectLine: "\u4F60\u53EF\u4EE5\u4F7F\u7528\u9019\u500B\u5C0D\u8A71\u4E8B\u4EF6\uFF0C\u6E2C\u8A66\u7070\u76D2\u6D41\u7A0B"
  dutyGroupTrack: {fileID: -1948383148338898397}
  childClips: []
--- !u!114 &3704131036440775469
MonoBehaviour:
  m_ObjectHideFlags: 1
  m_CorrespondingSourceObject: {fileID: 0}
  m_PrefabInstance: {fileID: 0}
  m_PrefabAsset: {fileID: 0}
  m_GameObject: {fileID: 0}
  m_Enabled: 1
  m_EditorHideFlags: 0
  m_Script: {fileID: 11500000, guid: 0ac9ea2cbda737d4cafba4bb87cb54b2, type: 3}
  m_Name: LineTrack
  m_EditorClassIdentifier: 
  m_Version: 3
  m_AnimClip: {fileID: 0}
  m_Locked: 0
  m_Muted: 0
  m_CustomPlayableFullTypename: 
  m_Curves: {fileID: 0}
  m_Parent: {fileID: 11400000}
  m_Children: []
  m_Clips:
  - m_Version: 1
    m_Start: 0
    m_ClipIn: 0
    m_Asset: {fileID: 775067364374393913}
    m_Duration: 2
    m_TimeScale: 1
    m_ParentTrack: {fileID: 3704131036440775469}
    m_EaseInDuration: 0
    m_EaseOutDuration: 0
    m_BlendInDuration: -1
    m_BlendOutDuration: -1
    m_MixInCurve:
      serializedVersion: 2
      m_Curve:
      - serializedVersion: 3
        time: 0
        value: 0
        inSlope: 0
        outSlope: 0
        tangentMode: 0
        weightedMode: 0
        inWeight: 0
        outWeight: 0
      - serializedVersion: 3
        time: 1
        value: 1
        inSlope: 0
        outSlope: 0
        tangentMode: 0
        weightedMode: 0
        inWeight: 0
        outWeight: 0
      m_PreInfinity: 2
      m_PostInfinity: 2
      m_RotationOrder: 4
    m_MixOutCurve:
      serializedVersion: 2
      m_Curve:
      - serializedVersion: 3
        time: 0
        value: 1
        inSlope: 0
        outSlope: 0
        tangentMode: 0
        weightedMode: 0
        inWeight: 0
        outWeight: 0
      - serializedVersion: 3
        time: 1
        value: 0
        inSlope: 0
        outSlope: 0
        tangentMode: 0
        weightedMode: 0
        inWeight: 0
        outWeight: 0
      m_PreInfinity: 2
      m_PostInfinity: 2
      m_RotationOrder: 4
    m_BlendInCurveMode: 0
    m_BlendOutCurveMode: 0
    m_ExposedParameterNames: []
    m_AnimationCurves: {fileID: 0}
    m_Recordable: 0
    m_PostExtrapolationMode: 0
    m_PreExtrapolationMode: 0
    m_PostExtrapolationTime: 0
    m_PreExtrapolationTime: 0
    m_DisplayName: "\u5B89 \n \u9019\u500B\u662F\u6E2C\u8A66\u7528\u7684\u5C0D\u8A71\u4E8B\u4EF6"
  - m_Version: 1
    m_Start: 3
    m_ClipIn: 0
    m_Asset: {fileID: 127380891057747980}
    m_Duration: 2
    m_TimeScale: 1
    m_ParentTrack: {fileID: 3704131036440775469}
    m_EaseInDuration: 0
    m_EaseOutDuration: 0
    m_BlendInDuration: -1
    m_BlendOutDuration: -1
    m_MixInCurve:
      serializedVersion: 2
      m_Curve: []
      m_PreInfinity: 2
      m_PostInfinity: 2
      m_RotationOrder: 4
    m_MixOutCurve:
      serializedVersion: 2
      m_Curve: []
      m_PreInfinity: 2
      m_PostInfinity: 2
      m_RotationOrder: 4
    m_BlendInCurveMode: 0
    m_BlendOutCurveMode: 0
    m_ExposedParameterNames: []
    m_AnimationCurves: {fileID: 0}
    m_Recordable: 0
    m_PostExtrapolationMode: 0
    m_PreExtrapolationMode: 0
    m_PostExtrapolationTime: 0
    m_PreExtrapolationTime: 0
    m_DisplayName: "\u5B89 \n \u4F60\u53EF\u4EE5\u4F7F\u7528\u9019\u500B\u5C0D\u8A71\u4E8B\u4EF6\uFF0C\u6E2C\u8A66\u7070\u76D2\u6D41\u7A0B"
  - m_Version: 1
    m_Start: 6
    m_ClipIn: 0
    m_Asset: {fileID: 1140646561506884662}
    m_Duration: 2
    m_TimeScale: 1
    m_ParentTrack: {fileID: 3704131036440775469}
    m_EaseInDuration: 0
    m_EaseOutDuration: 0
    m_BlendInDuration: -1
    m_BlendOutDuration: -1
    m_MixInCurve:
      serializedVersion: 2
      m_Curve: []
      m_PreInfinity: 2
      m_PostInfinity: 2
      m_RotationOrder: 4
    m_MixOutCurve:
      serializedVersion: 2
      m_Curve: []
      m_PreInfinity: 2
      m_PostInfinity: 2
      m_RotationOrder: 4
    m_BlendInCurveMode: 0
    m_BlendOutCurveMode: 0
    m_ExposedParameterNames: []
    m_AnimationCurves: {fileID: 0}
    m_Recordable: 0
    m_PostExtrapolationMode: 0
    m_PreExtrapolationMode: 0
    m_PostExtrapolationTime: 0
    m_PreExtrapolationTime: 0
    m_DisplayName: "\u5B89 \n \u64AD\u653E\u6C92\u554F\u984C\uFF0C\u9019\u662F\u6700\u5F8C\u4E00\u53E5\u779C!"
  - m_Version: 1
    m_Start: 2
    m_ClipIn: 0
    m_Asset: {fileID: -1043960552938907890}
    m_Duration: 1
    m_TimeScale: 1
    m_ParentTrack: {fileID: 3704131036440775469}
    m_EaseInDuration: 0
    m_EaseOutDuration: 0
    m_BlendInDuration: -1
    m_BlendOutDuration: -1
    m_MixInCurve:
      serializedVersion: 2
      m_Curve: []
      m_PreInfinity: 2
      m_PostInfinity: 2
      m_RotationOrder: 4
    m_MixOutCurve:
      serializedVersion: 2
      m_Curve: []
      m_PreInfinity: 2
      m_PostInfinity: 2
      m_RotationOrder: 4
    m_BlendInCurveMode: 0
    m_BlendOutCurveMode: 0
    m_ExposedParameterNames: []
    m_AnimationCurves: {fileID: 0}
    m_Recordable: 0
    m_PostExtrapolationMode: 0
    m_PreExtrapolationMode: 0
    m_PostExtrapolationTime: 0
    m_PreExtrapolationTime: 0
    m_DisplayName: "\u6F14\u51FA\u4E00"
  - m_Version: 1
    m_Start: 5
    m_ClipIn: 0
    m_Asset: {fileID: -2031335036676694658}
    m_Duration: 1
    m_TimeScale: 1
    m_ParentTrack: {fileID: 3704131036440775469}
    m_EaseInDuration: 0
    m_EaseOutDuration: 0
    m_BlendInDuration: -1
    m_BlendOutDuration: -1
    m_MixInCurve:
      serializedVersion: 2
      m_Curve: []
      m_PreInfinity: 2
      m_PostInfinity: 2
      m_RotationOrder: 4
    m_MixOutCurve:
      serializedVersion: 2
      m_Curve: []
      m_PreInfinity: 2
      m_PostInfinity: 2
      m_RotationOrder: 4
    m_BlendInCurveMode: 0
    m_BlendOutCurveMode: 0
    m_ExposedParameterNames: []
    m_AnimationCurves: {fileID: 0}
    m_Recordable: 0
    m_PostExtrapolationMode: 0
    m_PreExtrapolationMode: 0
    m_PostExtrapolationTime: 0
    m_PreExtrapolationTime: 0
    m_DisplayName: "\u6F14\u51FA\u4E8C"
  m_Markers:
    m_Objects: []
--- !u!114 &5156696513642086223
MonoBehaviour:
  m_ObjectHideFlags: 1
  m_CorrespondingSourceObject: {fileID: 0}
  m_PrefabInstance: {fileID: 0}
  m_PrefabAsset: {fileID: 0}
  m_GameObject: {fileID: 0}
  m_Enabled: 1
  m_EditorHideFlags: 0
  m_Script: {fileID: 11500000, guid: 90fb794a295e73545af71bcdb7375791, type: 3}
  m_Name: CinemachineShot
  m_EditorClassIdentifier: 
  DisplayName: 
  VirtualCamera:
    exposedName: 5dc5c2d1ffeccc04bbeddcea875eb07a
    defaultValue: {fileID: 0}
--- !u!114 &5196918089779116249
MonoBehaviour:
  m_ObjectHideFlags: 1
  m_CorrespondingSourceObject: {fileID: 0}
  m_PrefabInstance: {fileID: 0}
  m_PrefabAsset: {fileID: 0}
  m_GameObject: {fileID: 0}
  m_Enabled: 1
  m_EditorHideFlags: 0
  m_Script: {fileID: 11500000, guid: fde0d25a170598d46a0b9dc16b4527a5, type: 3}
  m_Name: ActivationPlayableAsset
  m_EditorClassIdentifier: 
--- !u!114 &5500233749147836188
MonoBehaviour:
  m_ObjectHideFlags: 1
  m_CorrespondingSourceObject: {fileID: 0}
  m_PrefabInstance: {fileID: 0}
  m_PrefabAsset: {fileID: 0}
  m_GameObject: {fileID: 0}
  m_Enabled: 1
  m_EditorHideFlags: 0
  m_Script: {fileID: 11500000, guid: 371f3706e0175d94282097d793dc82f1, type: 3}
  m_Name: TLBindingContrlAsset
  m_EditorClassIdentifier: 
  clip:
    m_Version: 1
    m_Start: 6
    m_ClipIn: 0
    m_Asset: {fileID: 5500233749147836188}
    m_Duration: 2
    m_TimeScale: 1
    m_ParentTrack: {fileID: 9037533730049027207}
    m_EaseInDuration: 0
    m_EaseOutDuration: 0
    m_BlendInDuration: -1
    m_BlendOutDuration: -1
    m_MixInCurve:
      serializedVersion: 2
      m_Curve: []
      m_PreInfinity: 2
      m_PostInfinity: 2
      m_RotationOrder: 4
    m_MixOutCurve:
      serializedVersion: 2
      m_Curve: []
      m_PreInfinity: 2
      m_PostInfinity: 2
      m_RotationOrder: 4
    m_BlendInCurveMode: 0
    m_BlendOutCurveMode: 0
    m_ExposedParameterNames: []
    m_AnimationCurves: {fileID: 0}
    m_Recordable: 0
    m_PostExtrapolationMode: 0
    m_PreExtrapolationMode: 0
    m_PostExtrapolationTime: 0
    m_PreExtrapolationTime: 0
    m_DisplayName: "<Binding>\n\u64AD\u653E\u6C92\u554F\u984C\uFF0C\u9019\u662F\u6700\u5F8C\u4E00\u53E5\u779C!"
  isMute: 1
  playableAsset: {fileID: 11400000}
  bindingData:
    m_clip:
      m_Version: 1
      m_Start: 6
      m_ClipIn: 0
      m_Asset: {fileID: 1140646561506884662}
      m_Duration: 2
      m_TimeScale: 1
      m_ParentTrack: {fileID: 3704131036440775469}
      m_EaseInDuration: 0
      m_EaseOutDuration: 0
      m_BlendInDuration: -1
      m_BlendOutDuration: -1
      m_MixInCurve:
        serializedVersion: 2
        m_Curve: []
        m_PreInfinity: 2
        m_PostInfinity: 2
        m_RotationOrder: 4
      m_MixOutCurve:
        serializedVersion: 2
        m_Curve: []
        m_PreInfinity: 2
        m_PostInfinity: 2
        m_RotationOrder: 4
      m_BlendInCurveMode: 0
      m_BlendOutCurveMode: 0
      m_ExposedParameterNames: []
      m_AnimationCurves: {fileID: 0}
      m_Recordable: 0
      m_PostExtrapolationMode: 0
      m_PreExtrapolationMode: 0
      m_PostExtrapolationTime: 0
      m_PreExtrapolationTime: 0
      m_DisplayName: "\u5B89 \n \u64AD\u653E\u6C92\u554F\u984C\uFF0C\u9019\u662F\u6700\u5F8C\u4E00\u53E5\u779C!"
    m_asset: {fileID: 1140646561506884662}
  bindingDic:
    keyData: 0000000001000000020000000300000004000000
    valueData:
    - m_clip:
        m_Version: 1
        m_Start: 0
        m_ClipIn: 0
        m_Asset: {fileID: 775067364374393913}
        m_Duration: 2
        m_TimeScale: 1
        m_ParentTrack: {fileID: 3704131036440775469}
        m_EaseInDuration: 0
        m_EaseOutDuration: 0
        m_BlendInDuration: -1
        m_BlendOutDuration: -1
        m_MixInCurve:
          serializedVersion: 2
          m_Curve:
          - serializedVersion: 3
            time: 0
            value: 0
            inSlope: 0
            outSlope: 0
            tangentMode: 0
            weightedMode: 0
            inWeight: 0
            outWeight: 0
          - serializedVersion: 3
            time: 1
            value: 1
            inSlope: 0
            outSlope: 0
            tangentMode: 0
            weightedMode: 0
            inWeight: 0
            outWeight: 0
          m_PreInfinity: 2
          m_PostInfinity: 2
          m_RotationOrder: 4
        m_MixOutCurve:
          serializedVersion: 2
          m_Curve:
          - serializedVersion: 3
            time: 0
            value: 1
            inSlope: 0
            outSlope: 0
            tangentMode: 0
            weightedMode: 0
            inWeight: 0
            outWeight: 0
          - serializedVersion: 3
            time: 1
            value: 0
            inSlope: 0
            outSlope: 0
            tangentMode: 0
            weightedMode: 0
            inWeight: 0
            outWeight: 0
          m_PreInfinity: 2
          m_PostInfinity: 2
          m_RotationOrder: 4
        m_BlendInCurveMode: 0
        m_BlendOutCurveMode: 0
        m_ExposedParameterNames: []
        m_AnimationCurves: {fileID: 0}
        m_Recordable: 0
        m_PostExtrapolationMode: 0
        m_PreExtrapolationMode: 0
        m_PostExtrapolationTime: 0
        m_PreExtrapolationTime: 0
        m_DisplayName: "\u5B89 \n \u9019\u500B\u662F\u6E2C\u8A66\u7528\u7684\u5C0D\u8A71\u4E8B\u4EF6"
      m_asset: {fileID: 775067364374393913}
    - m_clip:
        m_Version: 1
        m_Start: 2
        m_ClipIn: 0
        m_Asset: {fileID: -1043960552938907890}
        m_Duration: 1
        m_TimeScale: 1
        m_ParentTrack: {fileID: 3704131036440775469}
        m_EaseInDuration: 0
        m_EaseOutDuration: 0
        m_BlendInDuration: -1
        m_BlendOutDuration: -1
        m_MixInCurve:
          serializedVersion: 2
          m_Curve: []
          m_PreInfinity: 2
          m_PostInfinity: 2
          m_RotationOrder: 4
        m_MixOutCurve:
          serializedVersion: 2
          m_Curve: []
          m_PreInfinity: 2
          m_PostInfinity: 2
          m_RotationOrder: 4
        m_BlendInCurveMode: 0
        m_BlendOutCurveMode: 0
        m_ExposedParameterNames: []
        m_AnimationCurves: {fileID: 0}
        m_Recordable: 0
        m_PostExtrapolationMode: 0
        m_PreExtrapolationMode: 0
        m_PostExtrapolationTime: 0
        m_PreExtrapolationTime: 0
        m_DisplayName: "\u6F14\u51FA\u4E00"
      m_asset: {fileID: -1043960552938907890}
    - m_clip:
        m_Version: 1
        m_Start: 3
        m_ClipIn: 0
        m_Asset: {fileID: 127380891057747980}
        m_Duration: 2
        m_TimeScale: 1
        m_ParentTrack: {fileID: 3704131036440775469}
        m_EaseInDuration: 0
        m_EaseOutDuration: 0
        m_BlendInDuration: -1
        m_BlendOutDuration: -1
        m_MixInCurve:
          serializedVersion: 2
          m_Curve: []
          m_PreInfinity: 2
          m_PostInfinity: 2
          m_RotationOrder: 4
        m_MixOutCurve:
          serializedVersion: 2
          m_Curve: []
          m_PreInfinity: 2
          m_PostInfinity: 2
          m_RotationOrder: 4
        m_BlendInCurveMode: 0
        m_BlendOutCurveMode: 0
        m_ExposedParameterNames: []
        m_AnimationCurves: {fileID: 0}
        m_Recordable: 0
        m_PostExtrapolationMode: 0
        m_PreExtrapolationMode: 0
        m_PostExtrapolationTime: 0
        m_PreExtrapolationTime: 0
        m_DisplayName: "\u5B89 \n \u4F60\u53EF\u4EE5\u4F7F\u7528\u9019\u500B\u5C0D\u8A71\u4E8B\u4EF6\uFF0C\u6E2C\u8A66\u7070\u76D2\u6D41\u7A0B"
      m_asset: {fileID: 127380891057747980}
    - m_clip:
        m_Version: 1
        m_Start: 5
        m_ClipIn: 0
        m_Asset: {fileID: -2031335036676694658}
        m_Duration: 1
        m_TimeScale: 1
        m_ParentTrack: {fileID: 3704131036440775469}
        m_EaseInDuration: 0
        m_EaseOutDuration: 0
        m_BlendInDuration: -1
        m_BlendOutDuration: -1
        m_MixInCurve:
          serializedVersion: 2
          m_Curve: []
          m_PreInfinity: 2
          m_PostInfinity: 2
          m_RotationOrder: 4
        m_MixOutCurve:
          serializedVersion: 2
          m_Curve: []
          m_PreInfinity: 2
          m_PostInfinity: 2
          m_RotationOrder: 4
        m_BlendInCurveMode: 0
        m_BlendOutCurveMode: 0
        m_ExposedParameterNames: []
        m_AnimationCurves: {fileID: 0}
        m_Recordable: 0
        m_PostExtrapolationMode: 0
        m_PreExtrapolationMode: 0
        m_PostExtrapolationTime: 0
        m_PreExtrapolationTime: 0
        m_DisplayName: "\u6F14\u51FA\u4E8C"
      m_asset: {fileID: -2031335036676694658}
    - m_clip:
        m_Version: 1
        m_Start: 6
        m_ClipIn: 0
        m_Asset: {fileID: 1140646561506884662}
        m_Duration: 2
        m_TimeScale: 1
        m_ParentTrack: {fileID: 3704131036440775469}
        m_EaseInDuration: 0
        m_EaseOutDuration: 0
        m_BlendInDuration: -1
        m_BlendOutDuration: -1
        m_MixInCurve:
          serializedVersion: 2
          m_Curve: []
          m_PreInfinity: 2
          m_PostInfinity: 2
          m_RotationOrder: 4
        m_MixOutCurve:
          serializedVersion: 2
          m_Curve: []
          m_PreInfinity: 2
          m_PostInfinity: 2
          m_RotationOrder: 4
        m_BlendInCurveMode: 0
        m_BlendOutCurveMode: 0
        m_ExposedParameterNames: []
        m_AnimationCurves: {fileID: 0}
        m_Recordable: 0
        m_PostExtrapolationMode: 0
        m_PreExtrapolationMode: 0
        m_PostExtrapolationTime: 0
        m_PreExtrapolationTime: 0
        m_DisplayName: "\u5B89 \n \u64AD\u653E\u6C92\u554F\u984C\uFF0C\u9019\u662F\u6700\u5F8C\u4E00\u53E5\u779C!"
      m_asset: {fileID: 1140646561506884662}
  startOffset: 0
  scalerBaseValue: 1
  oriBindDuration: 2
  Duration: 0
  StartPoint: 0
  BindDuration: 2
  BindStart: 6
  SelectLine: "\u64AD\u653E\u6C92\u554F\u984C\uFF0C\u9019\u662F\u6700\u5F8C\u4E00\u53E5\u779C!"
  dutyGroupTrack: {fileID: -6445559678160985924}
  childClips: []
--- !u!114 &7329483652361704048
MonoBehaviour:
  m_ObjectHideFlags: 1
  m_CorrespondingSourceObject: {fileID: 0}
  m_PrefabInstance: {fileID: 0}
  m_PrefabAsset: {fileID: 0}
  m_GameObject: {fileID: 0}
  m_Enabled: 1
  m_EditorHideFlags: 0
  m_Script: {fileID: 11500000, guid: 371f3706e0175d94282097d793dc82f1, type: 3}
  m_Name: TLBindingContrlAsset
  m_EditorClassIdentifier: 
  clip:
    m_Version: 1
    m_Start: 5
    m_ClipIn: 0
    m_Asset: {fileID: 7329483652361704048}
    m_Duration: 1
    m_TimeScale: 1
    m_ParentTrack: {fileID: 9037533730049027207}
    m_EaseInDuration: 0
    m_EaseOutDuration: 0
    m_BlendInDuration: -1
    m_BlendOutDuration: -1
    m_MixInCurve:
      serializedVersion: 2
      m_Curve:
      - serializedVersion: 3
        time: 0
        value: 0
        inSlope: 0
        outSlope: 0
        tangentMode: 0
        weightedMode: 0
        inWeight: 0
        outWeight: 0
      - serializedVersion: 3
        time: 1
        value: 1
        inSlope: 0
        outSlope: 0
        tangentMode: 0
        weightedMode: 0
        inWeight: 0
        outWeight: 0
      m_PreInfinity: 2
      m_PostInfinity: 2
      m_RotationOrder: 4
    m_MixOutCurve:
      serializedVersion: 2
      m_Curve:
      - serializedVersion: 3
        time: 0
        value: 1
        inSlope: 0
        outSlope: 0
        tangentMode: 0
        weightedMode: 0
        inWeight: 0
        outWeight: 0
      - serializedVersion: 3
        time: 1
        value: 0
        inSlope: 0
        outSlope: 0
        tangentMode: 0
        weightedMode: 0
        inWeight: 0
        outWeight: 0
      m_PreInfinity: 2
      m_PostInfinity: 2
      m_RotationOrder: 4
    m_BlendInCurveMode: 0
    m_BlendOutCurveMode: 0
    m_ExposedParameterNames: []
    m_AnimationCurves: {fileID: 0}
    m_Recordable: 0
    m_PostExtrapolationMode: 0
    m_PreExtrapolationMode: 0
    m_PostExtrapolationTime: 0
    m_PreExtrapolationTime: 0
    m_DisplayName: "<Binding>\n\u6F14\u51FA\u4E8C"
  isMute: 1
  playableAsset: {fileID: 11400000}
  bindingData:
    m_clip:
      m_Version: 1
      m_Start: 5
      m_ClipIn: 0
      m_Asset: {fileID: -2031335036676694658}
      m_Duration: 1
      m_TimeScale: 1
      m_ParentTrack: {fileID: 3704131036440775469}
      m_EaseInDuration: 0
      m_EaseOutDuration: 0
      m_BlendInDuration: -1
      m_BlendOutDuration: -1
      m_MixInCurve:
        serializedVersion: 2
        m_Curve: []
        m_PreInfinity: 2
        m_PostInfinity: 2
        m_RotationOrder: 4
      m_MixOutCurve:
        serializedVersion: 2
        m_Curve: []
        m_PreInfinity: 2
        m_PostInfinity: 2
        m_RotationOrder: 4
      m_BlendInCurveMode: 0
      m_BlendOutCurveMode: 0
      m_ExposedParameterNames: []
      m_AnimationCurves: {fileID: 0}
      m_Recordable: 0
      m_PostExtrapolationMode: 0
      m_PreExtrapolationMode: 0
      m_PostExtrapolationTime: 0
      m_PreExtrapolationTime: 0
      m_DisplayName: "\u6F14\u51FA\u4E8C"
    m_asset: {fileID: -2031335036676694658}
  bindingDic:
    keyData: 0000000001000000020000000300000004000000
    valueData:
    - m_clip:
        m_Version: 1
        m_Start: 0
        m_ClipIn: 0
        m_Asset: {fileID: 775067364374393913}
        m_Duration: 2
        m_TimeScale: 1
        m_ParentTrack: {fileID: 3704131036440775469}
        m_EaseInDuration: 0
        m_EaseOutDuration: 0
        m_BlendInDuration: -1
        m_BlendOutDuration: -1
        m_MixInCurve:
          serializedVersion: 2
          m_Curve:
          - serializedVersion: 3
            time: 0
            value: 0
            inSlope: 0
            outSlope: 0
            tangentMode: 0
            weightedMode: 0
            inWeight: 0
            outWeight: 0
          - serializedVersion: 3
            time: 1
            value: 1
            inSlope: 0
            outSlope: 0
            tangentMode: 0
            weightedMode: 0
            inWeight: 0
            outWeight: 0
          m_PreInfinity: 2
          m_PostInfinity: 2
          m_RotationOrder: 4
        m_MixOutCurve:
          serializedVersion: 2
          m_Curve:
          - serializedVersion: 3
            time: 0
            value: 1
            inSlope: 0
            outSlope: 0
            tangentMode: 0
            weightedMode: 0
            inWeight: 0
            outWeight: 0
          - serializedVersion: 3
            time: 1
            value: 0
            inSlope: 0
            outSlope: 0
            tangentMode: 0
            weightedMode: 0
            inWeight: 0
            outWeight: 0
          m_PreInfinity: 2
          m_PostInfinity: 2
          m_RotationOrder: 4
        m_BlendInCurveMode: 0
        m_BlendOutCurveMode: 0
        m_ExposedParameterNames: []
        m_AnimationCurves: {fileID: 0}
        m_Recordable: 0
        m_PostExtrapolationMode: 0
        m_PreExtrapolationMode: 0
        m_PostExtrapolationTime: 0
        m_PreExtrapolationTime: 0
        m_DisplayName: "\u5B89 \n \u9019\u500B\u662F\u6E2C\u8A66\u7528\u7684\u5C0D\u8A71\u4E8B\u4EF6"
      m_asset: {fileID: 775067364374393913}
    - m_clip:
        m_Version: 1
        m_Start: 2
        m_ClipIn: 0
        m_Asset: {fileID: -1043960552938907890}
        m_Duration: 1
        m_TimeScale: 1
        m_ParentTrack: {fileID: 3704131036440775469}
        m_EaseInDuration: 0
        m_EaseOutDuration: 0
        m_BlendInDuration: -1
        m_BlendOutDuration: -1
        m_MixInCurve:
          serializedVersion: 2
          m_Curve: []
          m_PreInfinity: 2
          m_PostInfinity: 2
          m_RotationOrder: 4
        m_MixOutCurve:
          serializedVersion: 2
          m_Curve: []
          m_PreInfinity: 2
          m_PostInfinity: 2
          m_RotationOrder: 4
        m_BlendInCurveMode: 0
        m_BlendOutCurveMode: 0
        m_ExposedParameterNames: []
        m_AnimationCurves: {fileID: 0}
        m_Recordable: 0
        m_PostExtrapolationMode: 0
        m_PreExtrapolationMode: 0
        m_PostExtrapolationTime: 0
        m_PreExtrapolationTime: 0
        m_DisplayName: "\u6F14\u51FA\u4E00"
      m_asset: {fileID: -1043960552938907890}
    - m_clip:
        m_Version: 1
        m_Start: 3
        m_ClipIn: 0
        m_Asset: {fileID: 127380891057747980}
        m_Duration: 2
        m_TimeScale: 1
        m_ParentTrack: {fileID: 3704131036440775469}
        m_EaseInDuration: 0
        m_EaseOutDuration: 0
        m_BlendInDuration: -1
        m_BlendOutDuration: -1
        m_MixInCurve:
          serializedVersion: 2
          m_Curve: []
          m_PreInfinity: 2
          m_PostInfinity: 2
          m_RotationOrder: 4
        m_MixOutCurve:
          serializedVersion: 2
          m_Curve: []
          m_PreInfinity: 2
          m_PostInfinity: 2
          m_RotationOrder: 4
        m_BlendInCurveMode: 0
        m_BlendOutCurveMode: 0
        m_ExposedParameterNames: []
        m_AnimationCurves: {fileID: 0}
        m_Recordable: 0
        m_PostExtrapolationMode: 0
        m_PreExtrapolationMode: 0
        m_PostExtrapolationTime: 0
        m_PreExtrapolationTime: 0
        m_DisplayName: "\u5B89 \n \u4F60\u53EF\u4EE5\u4F7F\u7528\u9019\u500B\u5C0D\u8A71\u4E8B\u4EF6\uFF0C\u6E2C\u8A66\u7070\u76D2\u6D41\u7A0B"
      m_asset: {fileID: 127380891057747980}
    - m_clip:
        m_Version: 1
        m_Start: 5
        m_ClipIn: 0
        m_Asset: {fileID: -2031335036676694658}
        m_Duration: 1
        m_TimeScale: 1
        m_ParentTrack: {fileID: 3704131036440775469}
        m_EaseInDuration: 0
        m_EaseOutDuration: 0
        m_BlendInDuration: -1
        m_BlendOutDuration: -1
        m_MixInCurve:
          serializedVersion: 2
          m_Curve: []
          m_PreInfinity: 2
          m_PostInfinity: 2
          m_RotationOrder: 4
        m_MixOutCurve:
          serializedVersion: 2
          m_Curve: []
          m_PreInfinity: 2
          m_PostInfinity: 2
          m_RotationOrder: 4
        m_BlendInCurveMode: 0
        m_BlendOutCurveMode: 0
        m_ExposedParameterNames: []
        m_AnimationCurves: {fileID: 0}
        m_Recordable: 0
        m_PostExtrapolationMode: 0
        m_PreExtrapolationMode: 0
        m_PostExtrapolationTime: 0
        m_PreExtrapolationTime: 0
        m_DisplayName: "\u6F14\u51FA\u4E8C"
      m_asset: {fileID: -2031335036676694658}
    - m_clip:
        m_Version: 1
        m_Start: 6
        m_ClipIn: 0
        m_Asset: {fileID: 1140646561506884662}
        m_Duration: 2
        m_TimeScale: 1
        m_ParentTrack: {fileID: 3704131036440775469}
        m_EaseInDuration: 0
        m_EaseOutDuration: 0
        m_BlendInDuration: -1
        m_BlendOutDuration: -1
        m_MixInCurve:
          serializedVersion: 2
          m_Curve: []
          m_PreInfinity: 2
          m_PostInfinity: 2
          m_RotationOrder: 4
        m_MixOutCurve:
          serializedVersion: 2
          m_Curve: []
          m_PreInfinity: 2
          m_PostInfinity: 2
          m_RotationOrder: 4
        m_BlendInCurveMode: 0
        m_BlendOutCurveMode: 0
        m_ExposedParameterNames: []
        m_AnimationCurves: {fileID: 0}
        m_Recordable: 0
        m_PostExtrapolationMode: 0
        m_PreExtrapolationMode: 0
        m_PostExtrapolationTime: 0
        m_PreExtrapolationTime: 0
        m_DisplayName: "\u5B89 \n \u64AD\u653E\u6C92\u554F\u984C\uFF0C\u9019\u662F\u6700\u5F8C\u4E00\u53E5\u779C!"
      m_asset: {fileID: 1140646561506884662}
  startOffset: 0
  scalerBaseValue: 1
  oriBindDuration: 1
  Duration: 0
  StartPoint: 0
  BindDuration: 1
  BindStart: 5
  SelectLine: "\u6F14\u51FA\u4E8C"
  dutyGroupTrack: {fileID: -7048755231794675387}
  childClips: []
--- !u!114 &8405389695625392256
MonoBehaviour:
  m_ObjectHideFlags: 1
  m_CorrespondingSourceObject: {fileID: 0}
  m_PrefabInstance: {fileID: 0}
  m_PrefabAsset: {fileID: 0}
  m_GameObject: {fileID: 0}
  m_Enabled: 1
  m_EditorHideFlags: 0
  m_Script: {fileID: 11500000, guid: 371f3706e0175d94282097d793dc82f1, type: 3}
  m_Name: TLBindingContrlAsset
  m_EditorClassIdentifier: 
  clip:
    m_Version: 1
    m_Start: 2
    m_ClipIn: 0
    m_Asset: {fileID: 8405389695625392256}
    m_Duration: 1
    m_TimeScale: 1
    m_ParentTrack: {fileID: 9037533730049027207}
    m_EaseInDuration: 0
    m_EaseOutDuration: 0
    m_BlendInDuration: -1
    m_BlendOutDuration: -1
    m_MixInCurve:
      serializedVersion: 2
      m_Curve: []
      m_PreInfinity: 2
      m_PostInfinity: 2
      m_RotationOrder: 4
    m_MixOutCurve:
      serializedVersion: 2
      m_Curve: []
      m_PreInfinity: 2
      m_PostInfinity: 2
      m_RotationOrder: 4
    m_BlendInCurveMode: 0
    m_BlendOutCurveMode: 0
    m_ExposedParameterNames: []
    m_AnimationCurves: {fileID: 0}
    m_Recordable: 0
    m_PostExtrapolationMode: 0
    m_PreExtrapolationMode: 0
    m_PostExtrapolationTime: 0
    m_PreExtrapolationTime: 0
    m_DisplayName: "<Binding>\n\u6F14\u51FA\u4E00"
  isMute: 1
  playableAsset: {fileID: 11400000}
  bindingData:
    m_clip:
      m_Version: 1
      m_Start: 2
      m_ClipIn: 0
      m_Asset: {fileID: -1043960552938907890}
      m_Duration: 1
      m_TimeScale: 1
      m_ParentTrack: {fileID: 3704131036440775469}
      m_EaseInDuration: 0
      m_EaseOutDuration: 0
      m_BlendInDuration: -1
      m_BlendOutDuration: -1
      m_MixInCurve:
        serializedVersion: 2
        m_Curve: []
        m_PreInfinity: 2
        m_PostInfinity: 2
        m_RotationOrder: 4
      m_MixOutCurve:
        serializedVersion: 2
        m_Curve: []
        m_PreInfinity: 2
        m_PostInfinity: 2
        m_RotationOrder: 4
      m_BlendInCurveMode: 0
      m_BlendOutCurveMode: 0
      m_ExposedParameterNames: []
      m_AnimationCurves: {fileID: 0}
      m_Recordable: 0
      m_PostExtrapolationMode: 0
      m_PreExtrapolationMode: 0
      m_PostExtrapolationTime: 0
      m_PreExtrapolationTime: 0
      m_DisplayName: "\u6F14\u51FA\u4E00"
    m_asset: {fileID: -1043960552938907890}
  bindingDic:
    keyData: 0000000001000000020000000300000004000000
    valueData:
    - m_clip:
        m_Version: 1
        m_Start: 0
        m_ClipIn: 0
        m_Asset: {fileID: 775067364374393913}
        m_Duration: 2
        m_TimeScale: 1
        m_ParentTrack: {fileID: 3704131036440775469}
        m_EaseInDuration: 0
        m_EaseOutDuration: 0
        m_BlendInDuration: -1
        m_BlendOutDuration: -1
        m_MixInCurve:
          serializedVersion: 2
          m_Curve:
          - serializedVersion: 3
            time: 0
            value: 0
            inSlope: 0
            outSlope: 0
            tangentMode: 0
            weightedMode: 0
            inWeight: 0
            outWeight: 0
          - serializedVersion: 3
            time: 1
            value: 1
            inSlope: 0
            outSlope: 0
            tangentMode: 0
            weightedMode: 0
            inWeight: 0
            outWeight: 0
          m_PreInfinity: 2
          m_PostInfinity: 2
          m_RotationOrder: 4
        m_MixOutCurve:
          serializedVersion: 2
          m_Curve:
          - serializedVersion: 3
            time: 0
            value: 1
            inSlope: 0
            outSlope: 0
            tangentMode: 0
            weightedMode: 0
            inWeight: 0
            outWeight: 0
          - serializedVersion: 3
            time: 1
            value: 0
            inSlope: 0
            outSlope: 0
            tangentMode: 0
            weightedMode: 0
            inWeight: 0
            outWeight: 0
          m_PreInfinity: 2
          m_PostInfinity: 2
          m_RotationOrder: 4
        m_BlendInCurveMode: 0
        m_BlendOutCurveMode: 0
        m_ExposedParameterNames: []
        m_AnimationCurves: {fileID: 0}
        m_Recordable: 0
        m_PostExtrapolationMode: 0
        m_PreExtrapolationMode: 0
        m_PostExtrapolationTime: 0
        m_PreExtrapolationTime: 0
        m_DisplayName: "\u5B89 \n \u9019\u500B\u662F\u6E2C\u8A66\u7528\u7684\u5C0D\u8A71\u4E8B\u4EF6"
      m_asset: {fileID: 775067364374393913}
    - m_clip:
        m_Version: 1
        m_Start: 2
        m_ClipIn: 0
        m_Asset: {fileID: -1043960552938907890}
        m_Duration: 1
        m_TimeScale: 1
        m_ParentTrack: {fileID: 3704131036440775469}
        m_EaseInDuration: 0
        m_EaseOutDuration: 0
        m_BlendInDuration: -1
        m_BlendOutDuration: -1
        m_MixInCurve:
          serializedVersion: 2
          m_Curve: []
          m_PreInfinity: 2
          m_PostInfinity: 2
          m_RotationOrder: 4
        m_MixOutCurve:
          serializedVersion: 2
          m_Curve: []
          m_PreInfinity: 2
          m_PostInfinity: 2
          m_RotationOrder: 4
        m_BlendInCurveMode: 0
        m_BlendOutCurveMode: 0
        m_ExposedParameterNames: []
        m_AnimationCurves: {fileID: 0}
        m_Recordable: 0
        m_PostExtrapolationMode: 0
        m_PreExtrapolationMode: 0
        m_PostExtrapolationTime: 0
        m_PreExtrapolationTime: 0
        m_DisplayName: "\u6F14\u51FA\u4E00"
      m_asset: {fileID: -1043960552938907890}
    - m_clip:
        m_Version: 1
        m_Start: 3
        m_ClipIn: 0
        m_Asset: {fileID: 127380891057747980}
        m_Duration: 2
        m_TimeScale: 1
        m_ParentTrack: {fileID: 3704131036440775469}
        m_EaseInDuration: 0
        m_EaseOutDuration: 0
        m_BlendInDuration: -1
        m_BlendOutDuration: -1
        m_MixInCurve:
          serializedVersion: 2
          m_Curve: []
          m_PreInfinity: 2
          m_PostInfinity: 2
          m_RotationOrder: 4
        m_MixOutCurve:
          serializedVersion: 2
          m_Curve: []
          m_PreInfinity: 2
          m_PostInfinity: 2
          m_RotationOrder: 4
        m_BlendInCurveMode: 0
        m_BlendOutCurveMode: 0
        m_ExposedParameterNames: []
        m_AnimationCurves: {fileID: 0}
        m_Recordable: 0
        m_PostExtrapolationMode: 0
        m_PreExtrapolationMode: 0
        m_PostExtrapolationTime: 0
        m_PreExtrapolationTime: 0
        m_DisplayName: "\u5B89 \n \u4F60\u53EF\u4EE5\u4F7F\u7528\u9019\u500B\u5C0D\u8A71\u4E8B\u4EF6\uFF0C\u6E2C\u8A66\u7070\u76D2\u6D41\u7A0B"
      m_asset: {fileID: 127380891057747980}
    - m_clip:
        m_Version: 1
        m_Start: 5
        m_ClipIn: 0
        m_Asset: {fileID: -2031335036676694658}
        m_Duration: 1
        m_TimeScale: 1
        m_ParentTrack: {fileID: 3704131036440775469}
        m_EaseInDuration: 0
        m_EaseOutDuration: 0
        m_BlendInDuration: -1
        m_BlendOutDuration: -1
        m_MixInCurve:
          serializedVersion: 2
          m_Curve: []
          m_PreInfinity: 2
          m_PostInfinity: 2
          m_RotationOrder: 4
        m_MixOutCurve:
          serializedVersion: 2
          m_Curve: []
          m_PreInfinity: 2
          m_PostInfinity: 2
          m_RotationOrder: 4
        m_BlendInCurveMode: 0
        m_BlendOutCurveMode: 0
        m_ExposedParameterNames: []
        m_AnimationCurves: {fileID: 0}
        m_Recordable: 0
        m_PostExtrapolationMode: 0
        m_PreExtrapolationMode: 0
        m_PostExtrapolationTime: 0
        m_PreExtrapolationTime: 0
        m_DisplayName: "\u6F14\u51FA\u4E8C"
      m_asset: {fileID: -2031335036676694658}
    - m_clip:
        m_Version: 1
        m_Start: 6
        m_ClipIn: 0
        m_Asset: {fileID: 1140646561506884662}
        m_Duration: 2
        m_TimeScale: 1
        m_ParentTrack: {fileID: 3704131036440775469}
        m_EaseInDuration: 0
        m_EaseOutDuration: 0
        m_BlendInDuration: -1
        m_BlendOutDuration: -1
        m_MixInCurve:
          serializedVersion: 2
          m_Curve: []
          m_PreInfinity: 2
          m_PostInfinity: 2
          m_RotationOrder: 4
        m_MixOutCurve:
          serializedVersion: 2
          m_Curve: []
          m_PreInfinity: 2
          m_PostInfinity: 2
          m_RotationOrder: 4
        m_BlendInCurveMode: 0
        m_BlendOutCurveMode: 0
        m_ExposedParameterNames: []
        m_AnimationCurves: {fileID: 0}
        m_Recordable: 0
        m_PostExtrapolationMode: 0
        m_PreExtrapolationMode: 0
        m_PostExtrapolationTime: 0
        m_PreExtrapolationTime: 0
        m_DisplayName: "\u5B89 \n \u64AD\u653E\u6C92\u554F\u984C\uFF0C\u9019\u662F\u6700\u5F8C\u4E00\u53E5\u779C!"
      m_asset: {fileID: 1140646561506884662}
  startOffset: 0
  scalerBaseValue: 1
  oriBindDuration: 1
  Duration: 0
  StartPoint: 0
  BindDuration: 1
  BindStart: 2
  SelectLine: "\u6F14\u51FA\u4E00"
  dutyGroupTrack: {fileID: -7957085396641039937}
  childClips: []
--- !u!114 &9037533730049027207
MonoBehaviour:
  m_ObjectHideFlags: 1
  m_CorrespondingSourceObject: {fileID: 0}
  m_PrefabInstance: {fileID: 0}
  m_PrefabAsset: {fileID: 0}
  m_GameObject: {fileID: 0}
  m_Enabled: 1
  m_EditorHideFlags: 0
  m_Script: {fileID: 11500000, guid: a42af35a3026da84296965eb6e77f93f, type: 3}
  m_Name: TL Binding Track
  m_EditorClassIdentifier: 
  m_Version: 3
  m_AnimClip: {fileID: 0}
  m_Locked: 0
  m_Muted: 0
  m_CustomPlayableFullTypename: 
  m_Curves: {fileID: 0}
  m_Parent: {fileID: 11400000}
  m_Children: []
  m_Clips:
  - m_Version: 1
    m_Start: 0
    m_ClipIn: 0
    m_Asset: {fileID: -9036674301955735545}
    m_Duration: 2
    m_TimeScale: 1
    m_ParentTrack: {fileID: 9037533730049027207}
    m_EaseInDuration: 0
    m_EaseOutDuration: 0
    m_BlendInDuration: -1
    m_BlendOutDuration: -1
    m_MixInCurve:
      serializedVersion: 2
      m_Curve:
      - serializedVersion: 3
        time: 0
        value: 0
        inSlope: 0
        outSlope: 0
        tangentMode: 0
        weightedMode: 0
        inWeight: 0
        outWeight: 0
      - serializedVersion: 3
        time: 1
        value: 1
        inSlope: 0
        outSlope: 0
        tangentMode: 0
        weightedMode: 0
        inWeight: 0
        outWeight: 0
      m_PreInfinity: 2
      m_PostInfinity: 2
      m_RotationOrder: 4
    m_MixOutCurve:
      serializedVersion: 2
      m_Curve:
      - serializedVersion: 3
        time: 0
        value: 1
        inSlope: 0
        outSlope: 0
        tangentMode: 0
        weightedMode: 0
        inWeight: 0
        outWeight: 0
      - serializedVersion: 3
        time: 1
        value: 0
        inSlope: 0
        outSlope: 0
        tangentMode: 0
        weightedMode: 0
        inWeight: 0
        outWeight: 0
      m_PreInfinity: 2
      m_PostInfinity: 2
      m_RotationOrder: 4
    m_BlendInCurveMode: 0
    m_BlendOutCurveMode: 0
    m_ExposedParameterNames: []
    m_AnimationCurves: {fileID: 0}
    m_Recordable: 0
    m_PostExtrapolationMode: 0
    m_PreExtrapolationMode: 0
    m_PostExtrapolationTime: 0
    m_PreExtrapolationTime: 0
    m_DisplayName: "<Binding>\n\u9019\u500B\u662F\u6E2C\u8A66\u7528\u7684\u5C0D\u8A71\u4E8B\u4EF6"
  - m_Version: 1
    m_Start: 3
    m_ClipIn: 0
    m_Asset: {fileID: 2315341001618905090}
    m_Duration: 2
    m_TimeScale: 1
    m_ParentTrack: {fileID: 9037533730049027207}
    m_EaseInDuration: 0
    m_EaseOutDuration: 0
    m_BlendInDuration: -1
    m_BlendOutDuration: -1
    m_MixInCurve:
      serializedVersion: 2
      m_Curve: []
      m_PreInfinity: 2
      m_PostInfinity: 2
      m_RotationOrder: 4
    m_MixOutCurve:
      serializedVersion: 2
      m_Curve: []
      m_PreInfinity: 2
      m_PostInfinity: 2
      m_RotationOrder: 4
    m_BlendInCurveMode: 0
    m_BlendOutCurveMode: 0
    m_ExposedParameterNames: []
    m_AnimationCurves: {fileID: 0}
    m_Recordable: 0
    m_PostExtrapolationMode: 0
    m_PreExtrapolationMode: 0
    m_PostExtrapolationTime: 0
    m_PreExtrapolationTime: 0
    m_DisplayName: "<Binding>\n\u4F60\u53EF\u4EE5\u4F7F\u7528\u9019\u500B\u5C0D\u8A71\u4E8B\u4EF6\uFF0C\u6E2C\u8A66\u7070\u76D2\u6D41\u7A0B"
  - m_Version: 1
    m_Start: 6
    m_ClipIn: 0
    m_Asset: {fileID: 5500233749147836188}
    m_Duration: 2
    m_TimeScale: 1
    m_ParentTrack: {fileID: 9037533730049027207}
    m_EaseInDuration: 0
    m_EaseOutDuration: 0
    m_BlendInDuration: -1
    m_BlendOutDuration: -1
    m_MixInCurve:
      serializedVersion: 2
      m_Curve: []
      m_PreInfinity: 2
      m_PostInfinity: 2
      m_RotationOrder: 4
    m_MixOutCurve:
      serializedVersion: 2
      m_Curve: []
      m_PreInfinity: 2
      m_PostInfinity: 2
      m_RotationOrder: 4
    m_BlendInCurveMode: 0
    m_BlendOutCurveMode: 0
    m_ExposedParameterNames: []
    m_AnimationCurves: {fileID: 0}
    m_Recordable: 0
    m_PostExtrapolationMode: 0
    m_PreExtrapolationMode: 0
    m_PostExtrapolationTime: 0
    m_PreExtrapolationTime: 0
    m_DisplayName: "<Binding>\n\u64AD\u653E\u6C92\u554F\u984C\uFF0C\u9019\u662F\u6700\u5F8C\u4E00\u53E5\u779C!"
  - m_Version: 1
    m_Start: 2
    m_ClipIn: 0
    m_Asset: {fileID: 8405389695625392256}
    m_Duration: 1
    m_TimeScale: 1
    m_ParentTrack: {fileID: 9037533730049027207}
    m_EaseInDuration: 0
    m_EaseOutDuration: 0
    m_BlendInDuration: -1
    m_BlendOutDuration: -1
    m_MixInCurve:
      serializedVersion: 2
      m_Curve: []
      m_PreInfinity: 2
      m_PostInfinity: 2
      m_RotationOrder: 4
    m_MixOutCurve:
      serializedVersion: 2
      m_Curve: []
      m_PreInfinity: 2
      m_PostInfinity: 2
      m_RotationOrder: 4
    m_BlendInCurveMode: 0
    m_BlendOutCurveMode: 0
    m_ExposedParameterNames: []
    m_AnimationCurves: {fileID: 0}
    m_Recordable: 0
    m_PostExtrapolationMode: 0
    m_PreExtrapolationMode: 0
    m_PostExtrapolationTime: 0
    m_PreExtrapolationTime: 0
    m_DisplayName: "<Binding>\n\u6F14\u51FA\u4E00"
  - m_Version: 1
    m_Start: 5
    m_ClipIn: 0
    m_Asset: {fileID: 7329483652361704048}
    m_Duration: 1
    m_TimeScale: 1
    m_ParentTrack: {fileID: 9037533730049027207}
    m_EaseInDuration: 0
    m_EaseOutDuration: 0
    m_BlendInDuration: -1
    m_BlendOutDuration: -1
    m_MixInCurve:
      serializedVersion: 2
      m_Curve:
      - serializedVersion: 3
        time: 0
        value: 0
        inSlope: 0
        outSlope: 0
        tangentMode: 0
        weightedMode: 0
        inWeight: 0
        outWeight: 0
      - serializedVersion: 3
        time: 1
        value: 1
        inSlope: 0
        outSlope: 0
        tangentMode: 0
        weightedMode: 0
        inWeight: 0
        outWeight: 0
      m_PreInfinity: 2
      m_PostInfinity: 2
      m_RotationOrder: 4
    m_MixOutCurve:
      serializedVersion: 2
      m_Curve:
      - serializedVersion: 3
        time: 0
        value: 1
        inSlope: 0
        outSlope: 0
        tangentMode: 0
        weightedMode: 0
        inWeight: 0
        outWeight: 0
      - serializedVersion: 3
        time: 1
        value: 0
        inSlope: 0
        outSlope: 0
        tangentMode: 0
        weightedMode: 0
        inWeight: 0
        outWeight: 0
      m_PreInfinity: 2
      m_PostInfinity: 2
      m_RotationOrder: 4
    m_BlendInCurveMode: 0
    m_BlendOutCurveMode: 0
    m_ExposedParameterNames: []
    m_AnimationCurves: {fileID: 0}
    m_Recordable: 0
    m_PostExtrapolationMode: 0
    m_PreExtrapolationMode: 0
    m_PostExtrapolationTime: 0
    m_PreExtrapolationTime: 0
    m_DisplayName: "<Binding>\n\u6F14\u51FA\u4E8C"
  m_Markers:
    m_Objects: []
