%YAML 1.1
%TAG !u! tag:unity3d.com,2011:
--- !u!1 &3454920569203539713
GameObject:
  m_ObjectHideFlags: 0
  m_CorrespondingSourceObject: {fileID: 0}
  m_PrefabInstance: {fileID: 0}
  m_PrefabAsset: {fileID: 0}
  serializedVersion: 6
  m_Component:
  - component: {fileID: 6982215745176170703}
  m_Layer: 16
  m_Name: BookStacks_R_02
  m_TagString: Untagged
  m_Icon: {fileID: 0}
  m_NavMeshLayer: 0
  m_StaticEditorFlags: 0
  m_IsActive: 1
--- !u!4 &6982215745176170703
Transform:
  m_ObjectHideFlags: 0
  m_CorrespondingSourceObject: {fileID: 0}
  m_PrefabInstance: {fileID: 0}
  m_PrefabAsset: {fileID: 0}
  m_GameObject: {fileID: 3454920569203539713}
  m_LocalRotation: {x: 0, y: 0, z: 0, w: 1}
  m_LocalPosition: {x: 0, y: 180, z: 0}
  m_LocalScale: {x: 2, y: 2, z: 2}
  m_ConstrainProportionsScale: 0
  m_Children:
  - {fileID: 3847159338509097636}
  - {fileID: 147687136947657407}
  - {fileID: 147687136432820123}
  - {fileID: 3847159338552631147}
  m_Father: {fileID: 0}
  m_RootOrder: 0
  m_LocalEulerAnglesHint: {x: 0, y: 0, z: 0}
--- !u!1001 &2767403270923101965
PrefabInstance:
  m_ObjectHideFlags: 0
  serializedVersion: 2
  m_Modification:
    m_TransformParent: {fileID: 6982215745176170703}
    m_Modifications:
    - target: {fileID: 2624325588161734806, guid: d65b3001d80e2204185cd024cd09afdc,
        type: 3}
      propertyPath: m_RootOrder
      value: 2
      objectReference: {fileID: 0}
    - target: {fileID: 2624325588161734806, guid: d65b3001d80e2204185cd024cd09afdc,
        type: 3}
      propertyPath: m_LocalScale.x
      value: 1
      objectReference: {fileID: 0}
    - target: {fileID: 2624325588161734806, guid: d65b3001d80e2204185cd024cd09afdc,
        type: 3}
      propertyPath: m_LocalScale.y
      value: 1
      objectReference: {fileID: 0}
    - target: {fileID: 2624325588161734806, guid: d65b3001d80e2204185cd024cd09afdc,
        type: 3}
      propertyPath: m_LocalScale.z
      value: 1
      objectReference: {fileID: 0}
    - target: {fileID: 2624325588161734806, guid: d65b3001d80e2204185cd024cd09afdc,
        type: 3}
      propertyPath: m_LocalPosition.x
      value: -0.109311126
      objectReference: {fileID: 0}
    - target: {fileID: 2624325588161734806, guid: d65b3001d80e2204185cd024cd09afdc,
        type: 3}
      propertyPath: m_LocalPosition.y
      value: 0.11749995
      objectReference: {fileID: 0}
    - target: {fileID: 2624325588161734806, guid: d65b3001d80e2204185cd024cd09afdc,
        type: 3}
      propertyPath: m_LocalPosition.z
      value: -0.035717312
      objectReference: {fileID: 0}
    - target: {fileID: 2624325588161734806, guid: d65b3001d80e2204185cd024cd09afdc,
        type: 3}
      propertyPath: m_LocalRotation.w
      value: -0.5846227
      objectReference: {fileID: 0}
    - target: {fileID: 2624325588161734806, guid: d65b3001d80e2204185cd024cd09afdc,
        type: 3}
      propertyPath: m_LocalRotation.x
      value: -0.5197129
      objectReference: {fileID: 0}
    - target: {fileID: 2624325588161734806, guid: d65b3001d80e2204185cd024cd09afdc,
        type: 3}
      propertyPath: m_LocalRotation.y
      value: -0.46879953
      objectReference: {fileID: 0}
    - target: {fileID: 2624325588161734806, guid: d65b3001d80e2204185cd024cd09afdc,
        type: 3}
      propertyPath: m_LocalRotation.z
      value: 0.4102948
      objectReference: {fileID: 0}
    - target: {fileID: 2624325588161734806, guid: d65b3001d80e2204185cd024cd09afdc,
        type: 3}
      propertyPath: m_LocalEulerAnglesHint.x
      value: 97.08499
      objectReference: {fileID: 0}
    - target: {fileID: 2624325588161734806, guid: d65b3001d80e2204185cd024cd09afdc,
        type: 3}
      propertyPath: m_LocalEulerAnglesHint.y
      value: -450.613
      objectReference: {fileID: 0}
    - target: {fileID: 2624325588161734806, guid: d65b3001d80e2204185cd024cd09afdc,
        type: 3}
      propertyPath: m_LocalEulerAnglesHint.z
      value: -176.492
      objectReference: {fileID: 0}
    - target: {fileID: 3395901702873379372, guid: d65b3001d80e2204185cd024cd09afdc,
        type: 3}
      propertyPath: m_Name
      value: WasobonB (2)
      objectReference: {fileID: 0}
    m_RemovedComponents: []
  m_SourcePrefab: {fileID: 100100000, guid: d65b3001d80e2204185cd024cd09afdc, type: 3}
--- !u!4 &147687136432820123 stripped
Transform:
  m_CorrespondingSourceObject: {fileID: 2624325588161734806, guid: d65b3001d80e2204185cd024cd09afdc,
    type: 3}
  m_PrefabInstance: {fileID: 2767403270923101965}
  m_PrefabAsset: {fileID: 0}
--- !u!1001 &2767403271292627835
PrefabInstance:
  m_ObjectHideFlags: 0
  serializedVersion: 2
  m_Modification:
    m_TransformParent: {fileID: 6982215745176170703}
    m_Modifications:
    - target: {fileID: 1370239522291790864, guid: 48d95ff36baefba42bd99e52695ac9c8,
        type: 3}
      propertyPath: m_RootOrder
      value: 3
      objectReference: {fileID: 0}
    - target: {fileID: 1370239522291790864, guid: 48d95ff36baefba42bd99e52695ac9c8,
        type: 3}
      propertyPath: m_LocalScale.x
      value: 1
      objectReference: {fileID: 0}
    - target: {fileID: 1370239522291790864, guid: 48d95ff36baefba42bd99e52695ac9c8,
        type: 3}
      propertyPath: m_LocalScale.y
      value: 1
      objectReference: {fileID: 0}
    - target: {fileID: 1370239522291790864, guid: 48d95ff36baefba42bd99e52695ac9c8,
        type: 3}
      propertyPath: m_LocalScale.z
      value: 1
      objectReference: {fileID: 0}
    - target: {fileID: 1370239522291790864, guid: 48d95ff36baefba42bd99e52695ac9c8,
        type: 3}
      propertyPath: m_LocalPosition.x
      value: -0.042536393
      objectReference: {fileID: 0}
    - target: {fileID: 1370239522291790864, guid: 48d95ff36baefba42bd99e52695ac9c8,
        type: 3}
      propertyPath: m_LocalPosition.y
      value: 0.10549998
      objectReference: {fileID: 0}
    - target: {fileID: 1370239522291790864, guid: 48d95ff36baefba42bd99e52695ac9c8,
        type: 3}
      propertyPath: m_LocalPosition.z
      value: -0.012818013
      objectReference: {fileID: 0}
    - target: {fileID: 1370239522291790864, guid: 48d95ff36baefba42bd99e52695ac9c8,
        type: 3}
      propertyPath: m_LocalRotation.w
      value: -0.64269376
      objectReference: {fileID: 0}
    - target: {fileID: 1370239522291790864, guid: 48d95ff36baefba42bd99e52695ac9c8,
        type: 3}
      propertyPath: m_LocalRotation.x
      value: -0.404671
      objectReference: {fileID: 0}
    - target: {fileID: 1370239522291790864, guid: 48d95ff36baefba42bd99e52695ac9c8,
        type: 3}
      propertyPath: m_LocalRotation.y
      value: -0.5504924
      objectReference: {fileID: 0}
    - target: {fileID: 1370239522291790864, guid: 48d95ff36baefba42bd99e52695ac9c8,
        type: 3}
      propertyPath: m_LocalRotation.z
      value: 0.34661832
      objectReference: {fileID: 0}
    - target: {fileID: 1370239522291790864, guid: 48d95ff36baefba42bd99e52695ac9c8,
        type: 3}
      propertyPath: m_LocalEulerAnglesHint.x
      value: 64.393
      objectReference: {fileID: 0}
    - target: {fileID: 1370239522291790864, guid: 48d95ff36baefba42bd99e52695ac9c8,
        type: 3}
      propertyPath: m_LocalEulerAnglesHint.y
      value: 90
      objectReference: {fileID: 0}
    - target: {fileID: 1370239522291790864, guid: 48d95ff36baefba42bd99e52695ac9c8,
        type: 3}
      propertyPath: m_LocalEulerAnglesHint.z
      value: 360
      objectReference: {fileID: 0}
    - target: {fileID: 1751831232604761770, guid: 48d95ff36baefba42bd99e52695ac9c8,
        type: 3}
      propertyPath: m_Name
      value: WasobonA (1)
      objectReference: {fileID: 0}
    m_RemovedComponents: []
  m_SourcePrefab: {fileID: 100100000, guid: 48d95ff36baefba42bd99e52695ac9c8, type: 3}
--- !u!4 &3847159338552631147 stripped
Transform:
  m_CorrespondingSourceObject: {fileID: 1370239522291790864, guid: 48d95ff36baefba42bd99e52695ac9c8,
    type: 3}
  m_PrefabInstance: {fileID: 2767403271292627835}
  m_PrefabAsset: {fileID: 0}
--- !u!1001 &2767403271320399540
PrefabInstance:
  m_ObjectHideFlags: 0
  serializedVersion: 2
  m_Modification:
    m_TransformParent: {fileID: 6982215745176170703}
    m_Modifications:
    - target: {fileID: 1370239522291790864, guid: 48d95ff36baefba42bd99e52695ac9c8,
        type: 3}
      propertyPath: m_RootOrder
      value: 0
      objectReference: {fileID: 0}
    - target: {fileID: 1370239522291790864, guid: 48d95ff36baefba42bd99e52695ac9c8,
        type: 3}
      propertyPath: m_LocalScale.x
      value: 1
      objectReference: {fileID: 0}
    - target: {fileID: 1370239522291790864, guid: 48d95ff36baefba42bd99e52695ac9c8,
        type: 3}
      propertyPath: m_LocalScale.y
      value: 1
      objectReference: {fileID: 0}
    - target: {fileID: 1370239522291790864, guid: 48d95ff36baefba42bd99e52695ac9c8,
        type: 3}
      propertyPath: m_LocalScale.z
      value: 1
      objectReference: {fileID: 0}
    - target: {fileID: 1370239522291790864, guid: 48d95ff36baefba42bd99e52695ac9c8,
        type: 3}
      propertyPath: m_LocalPosition.x
      value: -0.16308789
      objectReference: {fileID: 0}
    - target: {fileID: 1370239522291790864, guid: 48d95ff36baefba42bd99e52695ac9c8,
        type: 3}
      propertyPath: m_LocalPosition.y
      value: 0.11950004
      objectReference: {fileID: 0}
    - target: {fileID: 1370239522291790864, guid: 48d95ff36baefba42bd99e52695ac9c8,
        type: 3}
      propertyPath: m_LocalPosition.z
      value: -0.031560298
      objectReference: {fileID: 0}
    - target: {fileID: 1370239522291790864, guid: 48d95ff36baefba42bd99e52695ac9c8,
        type: 3}
      propertyPath: m_LocalRotation.w
      value: -0.53703576
      objectReference: {fileID: 0}
    - target: {fileID: 1370239522291790864, guid: 48d95ff36baefba42bd99e52695ac9c8,
        type: 3}
      propertyPath: m_LocalRotation.x
      value: -0.53703433
      objectReference: {fileID: 0}
    - target: {fileID: 1370239522291790864, guid: 48d95ff36baefba42bd99e52695ac9c8,
        type: 3}
      propertyPath: m_LocalRotation.y
      value: -0.45999202
      objectReference: {fileID: 0}
    - target: {fileID: 1370239522291790864, guid: 48d95ff36baefba42bd99e52695ac9c8,
        type: 3}
      propertyPath: m_LocalRotation.z
      value: 0.45999357
      objectReference: {fileID: 0}
    - target: {fileID: 1370239522291790864, guid: 48d95ff36baefba42bd99e52695ac9c8,
        type: 3}
      propertyPath: m_LocalEulerAnglesHint.x
      value: 90
      objectReference: {fileID: 0}
    - target: {fileID: 1370239522291790864, guid: 48d95ff36baefba42bd99e52695ac9c8,
        type: 3}
      propertyPath: m_LocalEulerAnglesHint.y
      value: 0
      objectReference: {fileID: 0}
    - target: {fileID: 1370239522291790864, guid: 48d95ff36baefba42bd99e52695ac9c8,
        type: 3}
      propertyPath: m_LocalEulerAnglesHint.z
      value: 270
      objectReference: {fileID: 0}
    - target: {fileID: 1751831232604761770, guid: 48d95ff36baefba42bd99e52695ac9c8,
        type: 3}
      propertyPath: m_Name
      value: WasobonA
      objectReference: {fileID: 0}
    m_RemovedComponents: []
  m_SourcePrefab: {fileID: 100100000, guid: 48d95ff36baefba42bd99e52695ac9c8, type: 3}
--- !u!4 &3847159338509097636 stripped
Transform:
  m_CorrespondingSourceObject: {fileID: 1370239522291790864, guid: 48d95ff36baefba42bd99e52695ac9c8,
    type: 3}
  m_PrefabInstance: {fileID: 2767403271320399540}
  m_PrefabAsset: {fileID: 0}
--- !u!1001 &2767403271683437097
PrefabInstance:
  m_ObjectHideFlags: 0
  serializedVersion: 2
  m_Modification:
    m_TransformParent: {fileID: 6982215745176170703}
    m_Modifications:
    - target: {fileID: 2624325588161734806, guid: d65b3001d80e2204185cd024cd09afdc,
        type: 3}
      propertyPath: m_RootOrder
      value: 1
      objectReference: {fileID: 0}
    - target: {fileID: 2624325588161734806, guid: d65b3001d80e2204185cd024cd09afdc,
        type: 3}
      propertyPath: m_LocalScale.x
      value: 1
      objectReference: {fileID: 0}
    - target: {fileID: 2624325588161734806, guid: d65b3001d80e2204185cd024cd09afdc,
        type: 3}
      propertyPath: m_LocalScale.y
      value: 1
      objectReference: {fileID: 0}
    - target: {fileID: 2624325588161734806, guid: d65b3001d80e2204185cd024cd09afdc,
        type: 3}
      propertyPath: m_LocalScale.z
      value: 1
      objectReference: {fileID: 0}
    - target: {fileID: 2624325588161734806, guid: d65b3001d80e2204185cd024cd09afdc,
        type: 3}
      propertyPath: m_LocalPosition.x
      value: 0.121540025
      objectReference: {fileID: 0}
    - target: {fileID: 2624325588161734806, guid: d65b3001d80e2204185cd024cd09afdc,
        type: 3}
      propertyPath: m_LocalPosition.y
      value: 0
      objectReference: {fileID: 0}
    - target: {fileID: 2624325588161734806, guid: d65b3001d80e2204185cd024cd09afdc,
        type: 3}
      propertyPath: m_LocalPosition.z
      value: 0.018895973
      objectReference: {fileID: 0}
    - target: {fileID: 2624325588161734806, guid: d65b3001d80e2204185cd024cd09afdc,
        type: 3}
      propertyPath: m_LocalRotation.w
      value: 1
      objectReference: {fileID: 0}
    - target: {fileID: 2624325588161734806, guid: d65b3001d80e2204185cd024cd09afdc,
        type: 3}
      propertyPath: m_LocalRotation.x
      value: -0
      objectReference: {fileID: 0}
    - target: {fileID: 2624325588161734806, guid: d65b3001d80e2204185cd024cd09afdc,
        type: 3}
      propertyPath: m_LocalRotation.y
      value: -0
      objectReference: {fileID: 0}
    - target: {fileID: 2624325588161734806, guid: d65b3001d80e2204185cd024cd09afdc,
        type: 3}
      propertyPath: m_LocalRotation.z
      value: -0
      objectReference: {fileID: 0}
    - target: {fileID: 2624325588161734806, guid: d65b3001d80e2204185cd024cd09afdc,
        type: 3}
      propertyPath: m_LocalEulerAnglesHint.x
      value: 0
      objectReference: {fileID: 0}
    - target: {fileID: 2624325588161734806, guid: d65b3001d80e2204185cd024cd09afdc,
        type: 3}
      propertyPath: m_LocalEulerAnglesHint.y
      value: 8.837
      objectReference: {fileID: 0}
    - target: {fileID: 2624325588161734806, guid: d65b3001d80e2204185cd024cd09afdc,
        type: 3}
      propertyPath: m_LocalEulerAnglesHint.z
      value: 0
      objectReference: {fileID: 0}
    - target: {fileID: 3395901702873379372, guid: d65b3001d80e2204185cd024cd09afdc,
        type: 3}
      propertyPath: m_Name
      value: WasobonB (1)
      objectReference: {fileID: 0}
    m_RemovedComponents: []
  m_SourcePrefab: {fileID: 100100000, guid: d65b3001d80e2204185cd024cd09afdc, type: 3}
--- !u!4 &147687136947657407 stripped
Transform:
  m_CorrespondingSourceObject: {fileID: 2624325588161734806, guid: d65b3001d80e2204185cd024cd09afdc,
    type: 3}
  m_PrefabInstance: {fileID: 2767403271683437097}
  m_PrefabAsset: {fileID: 0}
