%YAML 1.1
%TAG !u! tag:unity3d.com,2011:
--- !u!1 &1162203078280868940
GameObject:
  m_ObjectHideFlags: 0
  m_CorrespondingSourceObject: {fileID: 0}
  m_PrefabInstance: {fileID: 0}
  m_PrefabAsset: {fileID: 0}
  serializedVersion: 6
  m_Component:
  - component: {fileID: 846252915616024372}
  - component: {fileID: 8130688443163076982}
  - component: {fileID: 8869230723590917821}
  m_Layer: 0
  m_Name: Candle_Thin
  m_TagString: Untagged
  m_Icon: {fileID: 0}
  m_NavMeshLayer: 0
  m_StaticEditorFlags: 0
  m_IsActive: 1
--- !u!4 &846252915616024372
Transform:
  m_ObjectHideFlags: 0
  m_CorrespondingSourceObject: {fileID: 0}
  m_PrefabInstance: {fileID: 0}
  m_PrefabAsset: {fileID: 0}
  m_GameObject: {fileID: 1162203078280868940}
  m_LocalRotation: {x: 0, y: -0, z: -0, w: 1}
  m_LocalPosition: {x: -0, y: 1.574382, z: -0.0027489997}
  m_LocalScale: {x: 1, y: 1, z: 1}
  m_ConstrainProportionsScale: 0
  m_Children:
  - {fileID: 5681429327248891302}
  m_Father: {fileID: 6729294752908437987}
  m_RootOrder: 1
  m_LocalEulerAnglesHint: {x: 0, y: 0, z: 0}
--- !u!33 &8130688443163076982
MeshFilter:
  m_ObjectHideFlags: 0
  m_CorrespondingSourceObject: {fileID: 0}
  m_PrefabInstance: {fileID: 0}
  m_PrefabAsset: {fileID: 0}
  m_GameObject: {fileID: 1162203078280868940}
  m_Mesh: {fileID: -6381945148873160980, guid: 884afc85430f4c74aa5ea928eaa65144, type: 3}
--- !u!23 &8869230723590917821
MeshRenderer:
  m_ObjectHideFlags: 0
  m_CorrespondingSourceObject: {fileID: 0}
  m_PrefabInstance: {fileID: 0}
  m_PrefabAsset: {fileID: 0}
  m_GameObject: {fileID: 1162203078280868940}
  m_Enabled: 1
  m_CastShadows: 1
  m_ReceiveShadows: 1
  m_DynamicOccludee: 1
  m_StaticShadowCaster: 0
  m_MotionVectors: 1
  m_LightProbeUsage: 1
  m_ReflectionProbeUsage: 1
  m_RayTracingMode: 2
  m_RayTraceProcedural: 0
  m_RenderingLayerMask: 1
  m_RendererPriority: 0
  m_Materials:
  - {fileID: 2100000, guid: 5a37d3ad4fb1b2b46b9a86ce4f6710e9, type: 2}
  m_StaticBatchInfo:
    firstSubMesh: 0
    subMeshCount: 0
  m_StaticBatchRoot: {fileID: 0}
  m_ProbeAnchor: {fileID: 0}
  m_LightProbeVolumeOverride: {fileID: 0}
  m_ScaleInLightmap: 1
  m_ReceiveGI: 1
  m_PreserveUVs: 0
  m_IgnoreNormalsForChartDetection: 0
  m_ImportantGI: 0
  m_StitchLightmapSeams: 1
  m_SelectedEditorRenderState: 3
  m_MinimumChartSize: 4
  m_AutoUVMaxDistance: 0.5
  m_AutoUVMaxAngle: 89
  m_LightmapParameters: {fileID: 0}
  m_SortingLayerID: 0
  m_SortingLayer: 0
  m_SortingOrder: 0
  m_AdditionalVertexStreams: {fileID: 0}
--- !u!1 &6208371791244669785
GameObject:
  m_ObjectHideFlags: 0
  m_CorrespondingSourceObject: {fileID: 0}
  m_PrefabInstance: {fileID: 0}
  m_PrefabAsset: {fileID: 0}
  serializedVersion: 6
  m_Component:
  - component: {fileID: 6729294752908437987}
  m_Layer: 0
  m_Name: GN_Generic_CandleStand
  m_TagString: Untagged
  m_Icon: {fileID: 0}
  m_NavMeshLayer: 0
  m_StaticEditorFlags: 0
  m_IsActive: 1
--- !u!4 &6729294752908437987
Transform:
  m_ObjectHideFlags: 0
  m_CorrespondingSourceObject: {fileID: 0}
  m_PrefabInstance: {fileID: 0}
  m_PrefabAsset: {fileID: 0}
  m_GameObject: {fileID: 6208371791244669785}
  m_LocalRotation: {x: 0, y: 0, z: 0, w: 1}
  m_LocalPosition: {x: 0, y: 0, z: 0}
  m_LocalScale: {x: 1.5, y: 1.5, z: 1.5}
  m_ConstrainProportionsScale: 1
  m_Children:
  - {fileID: 4533599152977467203}
  - {fileID: 846252915616024372}
  m_Father: {fileID: 0}
  m_RootOrder: 0
  m_LocalEulerAnglesHint: {x: 0, y: 0, z: 0}
--- !u!1 &8632819770740694281
GameObject:
  m_ObjectHideFlags: 0
  m_CorrespondingSourceObject: {fileID: 0}
  m_PrefabInstance: {fileID: 0}
  m_PrefabAsset: {fileID: 0}
  serializedVersion: 6
  m_Component:
  - component: {fileID: 4533599152977467203}
  - component: {fileID: 5194305713133348268}
  - component: {fileID: 680349530779553496}
  m_Layer: 0
  m_Name: Candle_Stand
  m_TagString: Untagged
  m_Icon: {fileID: 0}
  m_NavMeshLayer: 0
  m_StaticEditorFlags: 0
  m_IsActive: 1
--- !u!4 &4533599152977467203
Transform:
  m_ObjectHideFlags: 0
  m_CorrespondingSourceObject: {fileID: 0}
  m_PrefabInstance: {fileID: 0}
  m_PrefabAsset: {fileID: 0}
  m_GameObject: {fileID: 8632819770740694281}
  m_LocalRotation: {x: 0, y: -0, z: -0, w: 1}
  m_LocalPosition: {x: -0, y: 0, z: 0}
  m_LocalScale: {x: 1, y: 1, z: 1}
  m_ConstrainProportionsScale: 0
  m_Children: []
  m_Father: {fileID: 6729294752908437987}
  m_RootOrder: 0
  m_LocalEulerAnglesHint: {x: 0, y: 0, z: 0}
--- !u!33 &5194305713133348268
MeshFilter:
  m_ObjectHideFlags: 0
  m_CorrespondingSourceObject: {fileID: 0}
  m_PrefabInstance: {fileID: 0}
  m_PrefabAsset: {fileID: 0}
  m_GameObject: {fileID: 8632819770740694281}
  m_Mesh: {fileID: -757607800933515889, guid: 884afc85430f4c74aa5ea928eaa65144, type: 3}
--- !u!23 &680349530779553496
MeshRenderer:
  m_ObjectHideFlags: 0
  m_CorrespondingSourceObject: {fileID: 0}
  m_PrefabInstance: {fileID: 0}
  m_PrefabAsset: {fileID: 0}
  m_GameObject: {fileID: 8632819770740694281}
  m_Enabled: 1
  m_CastShadows: 1
  m_ReceiveShadows: 1
  m_DynamicOccludee: 1
  m_StaticShadowCaster: 0
  m_MotionVectors: 1
  m_LightProbeUsage: 1
  m_ReflectionProbeUsage: 1
  m_RayTracingMode: 2
  m_RayTraceProcedural: 0
  m_RenderingLayerMask: 1
  m_RendererPriority: 0
  m_Materials:
  - {fileID: 2100000, guid: 0c876d3cde36ab840971b407b3f793ae, type: 2}
  m_StaticBatchInfo:
    firstSubMesh: 0
    subMeshCount: 0
  m_StaticBatchRoot: {fileID: 0}
  m_ProbeAnchor: {fileID: 0}
  m_LightProbeVolumeOverride: {fileID: 0}
  m_ScaleInLightmap: 1
  m_ReceiveGI: 1
  m_PreserveUVs: 0
  m_IgnoreNormalsForChartDetection: 0
  m_ImportantGI: 0
  m_StitchLightmapSeams: 1
  m_SelectedEditorRenderState: 3
  m_MinimumChartSize: 4
  m_AutoUVMaxDistance: 0.5
  m_AutoUVMaxAngle: 89
  m_LightmapParameters: {fileID: 0}
  m_SortingLayerID: 0
  m_SortingLayer: 0
  m_SortingOrder: 0
  m_AdditionalVertexStreams: {fileID: 0}
--- !u!1001 &1045594067174493816
PrefabInstance:
  m_ObjectHideFlags: 0
  serializedVersion: 2
  m_Modification:
    m_TransformParent: {fileID: 846252915616024372}
    m_Modifications:
    - target: {fileID: 4637247037570094046, guid: 54c6ebd4b5be9ee46b72ed7c0e92caef,
        type: 3}
      propertyPath: m_RootOrder
      value: 0
      objectReference: {fileID: 0}
    - target: {fileID: 4637247037570094046, guid: 54c6ebd4b5be9ee46b72ed7c0e92caef,
        type: 3}
      propertyPath: m_LocalScale.x
      value: 1.2
      objectReference: {fileID: 0}
    - target: {fileID: 4637247037570094046, guid: 54c6ebd4b5be9ee46b72ed7c0e92caef,
        type: 3}
      propertyPath: m_LocalScale.y
      value: 1.2
      objectReference: {fileID: 0}
    - target: {fileID: 4637247037570094046, guid: 54c6ebd4b5be9ee46b72ed7c0e92caef,
        type: 3}
      propertyPath: m_LocalScale.z
      value: 1.2
      objectReference: {fileID: 0}
    - target: {fileID: 4637247037570094046, guid: 54c6ebd4b5be9ee46b72ed7c0e92caef,
        type: 3}
      propertyPath: m_LocalPosition.x
      value: 0
      objectReference: {fileID: 0}
    - target: {fileID: 4637247037570094046, guid: 54c6ebd4b5be9ee46b72ed7c0e92caef,
        type: 3}
      propertyPath: m_LocalPosition.y
      value: -0.136
      objectReference: {fileID: 0}
    - target: {fileID: 4637247037570094046, guid: 54c6ebd4b5be9ee46b72ed7c0e92caef,
        type: 3}
      propertyPath: m_LocalPosition.z
      value: 0
      objectReference: {fileID: 0}
    - target: {fileID: 4637247037570094046, guid: 54c6ebd4b5be9ee46b72ed7c0e92caef,
        type: 3}
      propertyPath: m_LocalRotation.w
      value: 1
      objectReference: {fileID: 0}
    - target: {fileID: 4637247037570094046, guid: 54c6ebd4b5be9ee46b72ed7c0e92caef,
        type: 3}
      propertyPath: m_LocalRotation.x
      value: -0
      objectReference: {fileID: 0}
    - target: {fileID: 4637247037570094046, guid: 54c6ebd4b5be9ee46b72ed7c0e92caef,
        type: 3}
      propertyPath: m_LocalRotation.y
      value: -0
      objectReference: {fileID: 0}
    - target: {fileID: 4637247037570094046, guid: 54c6ebd4b5be9ee46b72ed7c0e92caef,
        type: 3}
      propertyPath: m_LocalRotation.z
      value: -0
      objectReference: {fileID: 0}
    - target: {fileID: 4637247037570094046, guid: 54c6ebd4b5be9ee46b72ed7c0e92caef,
        type: 3}
      propertyPath: m_LocalEulerAnglesHint.x
      value: 0
      objectReference: {fileID: 0}
    - target: {fileID: 4637247037570094046, guid: 54c6ebd4b5be9ee46b72ed7c0e92caef,
        type: 3}
      propertyPath: m_LocalEulerAnglesHint.y
      value: 0
      objectReference: {fileID: 0}
    - target: {fileID: 4637247037570094046, guid: 54c6ebd4b5be9ee46b72ed7c0e92caef,
        type: 3}
      propertyPath: m_LocalEulerAnglesHint.z
      value: 0
      objectReference: {fileID: 0}
    - target: {fileID: 4637247037570094047, guid: 54c6ebd4b5be9ee46b72ed7c0e92caef,
        type: 3}
      propertyPath: m_Name
      value: FX_EntranceHalllight
      objectReference: {fileID: 0}
    - target: {fileID: 4637247037698316792, guid: 54c6ebd4b5be9ee46b72ed7c0e92caef,
        type: 3}
      propertyPath: m_IsActive
      value: 0
      objectReference: {fileID: 0}
    - target: {fileID: 4637247037698316795, guid: 54c6ebd4b5be9ee46b72ed7c0e92caef,
        type: 3}
      propertyPath: m_LocalPosition.y
      value: 0.43150008
      objectReference: {fileID: 0}
    - target: {fileID: 4637247039179573005, guid: 54c6ebd4b5be9ee46b72ed7c0e92caef,
        type: 3}
      propertyPath: m_LocalPosition.y
      value: 0.347
      objectReference: {fileID: 0}
    - target: {fileID: 4674428814202635663, guid: 54c6ebd4b5be9ee46b72ed7c0e92caef,
        type: 3}
      propertyPath: m_LocalScale.x
      value: 0.43432
      objectReference: {fileID: 0}
    - target: {fileID: 4674428814202635663, guid: 54c6ebd4b5be9ee46b72ed7c0e92caef,
        type: 3}
      propertyPath: m_LocalScale.y
      value: 0.43432
      objectReference: {fileID: 0}
    - target: {fileID: 4674428814202635663, guid: 54c6ebd4b5be9ee46b72ed7c0e92caef,
        type: 3}
      propertyPath: m_LocalScale.z
      value: 0.43432
      objectReference: {fileID: 0}
    - target: {fileID: 4674428814202635663, guid: 54c6ebd4b5be9ee46b72ed7c0e92caef,
        type: 3}
      propertyPath: m_LocalPosition.y
      value: 0.3777
      objectReference: {fileID: 0}
    - target: {fileID: 4674428814202635663, guid: 54c6ebd4b5be9ee46b72ed7c0e92caef,
        type: 3}
      propertyPath: m_LocalPosition.z
      value: 0
      objectReference: {fileID: 0}
    m_RemovedComponents: []
  m_SourcePrefab: {fileID: 100100000, guid: 54c6ebd4b5be9ee46b72ed7c0e92caef, type: 3}
--- !u!4 &5681429327248891302 stripped
Transform:
  m_CorrespondingSourceObject: {fileID: 4637247037570094046, guid: 54c6ebd4b5be9ee46b72ed7c0e92caef,
    type: 3}
  m_PrefabInstance: {fileID: 1045594067174493816}
  m_PrefabAsset: {fileID: 0}
