%YAML 1.1
%TAG !u! tag:unity3d.com,2011:
--- !u!1 &1840679250945496815
GameObject:
  m_ObjectHideFlags: 0
  m_CorrespondingSourceObject: {fileID: 0}
  m_PrefabInstance: {fileID: 0}
  m_PrefabAsset: {fileID: 0}
  serializedVersion: 6
  m_Component:
  - component: {fileID: 8976012329635001891}
  - component: {fileID: 7305438449674235261}
  - component: {fileID: 2065286962885507220}
  - component: {fileID: 1338672333186930574}
  - component: {fileID: 3225530014986482401}
  - component: {fileID: 1073019148321340175}
  - component: {fileID: 4829476372361096087}
  m_Layer: 0
  m_Name: Collider
  m_TagString: Untagged
  m_Icon: {fileID: 0}
  m_NavMeshLayer: 0
  m_StaticEditorFlags: 0
  m_IsActive: 1
--- !u!4 &8976012329635001891
Transform:
  m_ObjectHideFlags: 0
  m_CorrespondingSourceObject: {fileID: 0}
  m_PrefabInstance: {fileID: 0}
  m_PrefabAsset: {fileID: 0}
  m_GameObject: {fileID: 1840679250945496815}
  m_LocalRotation: {x: -0, y: -0, z: -0, w: 1}
  m_LocalPosition: {x: 0.376, y: 0.092, z: -0.337}
  m_LocalScale: {x: 0.54045707, y: 0.54045707, z: 0.54045707}
  m_ConstrainProportionsScale: 0
  m_Children: []
  m_Father: {fileID: 4673800441039489797}
  m_RootOrder: 2
  m_LocalEulerAnglesHint: {x: 0, y: 0, z: 0}
--- !u!114 &7305438449674235261
MonoBehaviour:
  m_ObjectHideFlags: 0
  m_CorrespondingSourceObject: {fileID: 0}
  m_PrefabInstance: {fileID: 0}
  m_PrefabAsset: {fileID: 0}
  m_GameObject: {fileID: 1840679250945496815}
  m_Enabled: 1
  m_EditorHideFlags: 0
  m_Script: {fileID: 11500000, guid: 8233d90336aea43098adf6dbabd606a2, type: 3}
  m_Name: 
  m_EditorClassIdentifier: 
  m_MeshFormatVersion: 2
  m_Faces:
  - m_Indexes: 000000000100000002000000010000000300000002000000
    m_SmoothingGroup: 1
    m_Uv:
      m_UseWorldSpace: 0
      m_FlipU: 0
      m_FlipV: 0
      m_SwapUV: 0
      m_Fill: 1
      m_Scale: {x: 1, y: 1}
      m_Offset: {x: 0, y: 0}
      m_Rotation: 0
      m_Anchor: 9
    m_Material: {fileID: 0}
    m_SubmeshIndex: 0
    m_ManualUV: 0
    elementGroup: -1
    m_TextureGroup: -1
  - m_Indexes: 040000000500000006000000050000000700000006000000
    m_SmoothingGroup: 1
    m_Uv:
      m_UseWorldSpace: 0
      m_FlipU: 0
      m_FlipV: 0
      m_SwapUV: 0
      m_Fill: 1
      m_Scale: {x: 1, y: 1}
      m_Offset: {x: 0, y: 0}
      m_Rotation: 0
      m_Anchor: 9
    m_Material: {fileID: 0}
    m_SubmeshIndex: 0
    m_ManualUV: 0
    elementGroup: -1
    m_TextureGroup: -1
  - m_Indexes: 08000000090000000a000000090000000b0000000a000000
    m_SmoothingGroup: 1
    m_Uv:
      m_UseWorldSpace: 0
      m_FlipU: 0
      m_FlipV: 0
      m_SwapUV: 0
      m_Fill: 1
      m_Scale: {x: 1, y: 1}
      m_Offset: {x: 0, y: 0}
      m_Rotation: 0
      m_Anchor: 9
    m_Material: {fileID: 0}
    m_SubmeshIndex: 0
    m_ManualUV: 0
    elementGroup: -1
    m_TextureGroup: -1
  - m_Indexes: 0c0000000d0000000e0000000d0000000f0000000e000000
    m_SmoothingGroup: 1
    m_Uv:
      m_UseWorldSpace: 0
      m_FlipU: 0
      m_FlipV: 0
      m_SwapUV: 0
      m_Fill: 1
      m_Scale: {x: 1, y: 1}
      m_Offset: {x: 0, y: 0}
      m_Rotation: 0
      m_Anchor: 9
    m_Material: {fileID: 0}
    m_SubmeshIndex: 0
    m_ManualUV: 0
    elementGroup: -1
    m_TextureGroup: -1
  - m_Indexes: 100000001100000012000000110000001300000012000000
    m_SmoothingGroup: 1
    m_Uv:
      m_UseWorldSpace: 0
      m_FlipU: 0
      m_FlipV: 0
      m_SwapUV: 0
      m_Fill: 1
      m_Scale: {x: 1, y: 1}
      m_Offset: {x: 0, y: 0}
      m_Rotation: 0
      m_Anchor: 9
    m_Material: {fileID: 0}
    m_SubmeshIndex: 0
    m_ManualUV: 0
    elementGroup: -1
    m_TextureGroup: -1
  - m_Indexes: 140000001500000016000000150000001700000016000000
    m_SmoothingGroup: 1
    m_Uv:
      m_UseWorldSpace: 0
      m_FlipU: 0
      m_FlipV: 0
      m_SwapUV: 0
      m_Fill: 1
      m_Scale: {x: 1, y: 1}
      m_Offset: {x: 0, y: 0}
      m_Rotation: 0
      m_Anchor: 9
    m_Material: {fileID: 0}
    m_SubmeshIndex: 0
    m_ManualUV: 0
    elementGroup: -1
    m_TextureGroup: -1
  - m_Indexes: 1a0000001900000018000000
    m_SmoothingGroup: 0
    m_Uv:
      m_UseWorldSpace: 0
      m_FlipU: 0
      m_FlipV: 0
      m_SwapUV: 0
      m_Fill: 1
      m_Scale: {x: 1, y: 1}
      m_Offset: {x: 0, y: 0}
      m_Rotation: 0
      m_Anchor: 9
    m_Material: {fileID: 2100000, guid: 31321ba15b8f8eb4c954353edc038b1d, type: 2}
    m_SubmeshIndex: 0
    m_ManualUV: 0
    elementGroup: 0
    m_TextureGroup: -1
  - m_Indexes: 200000001f0000001e000000
    m_SmoothingGroup: 0
    m_Uv:
      m_UseWorldSpace: 0
      m_FlipU: 0
      m_FlipV: 0
      m_SwapUV: 0
      m_Fill: 1
      m_Scale: {x: 1, y: 1}
      m_Offset: {x: 0, y: 0}
      m_Rotation: 0
      m_Anchor: 9
    m_Material: {fileID: 2100000, guid: 31321ba15b8f8eb4c954353edc038b1d, type: 2}
    m_SubmeshIndex: 0
    m_ManualUV: 0
    elementGroup: 0
    m_TextureGroup: -1
  - m_Indexes: 260000002500000024000000
    m_SmoothingGroup: 0
    m_Uv:
      m_UseWorldSpace: 0
      m_FlipU: 0
      m_FlipV: 0
      m_SwapUV: 0
      m_Fill: 1
      m_Scale: {x: 1, y: 1}
      m_Offset: {x: 0, y: 0}
      m_Rotation: 0
      m_Anchor: 9
    m_Material: {fileID: 2100000, guid: 31321ba15b8f8eb4c954353edc038b1d, type: 2}
    m_SubmeshIndex: 0
    m_ManualUV: 0
    elementGroup: 0
    m_TextureGroup: -1
  - m_Indexes: 2c0000002b0000002a000000
    m_SmoothingGroup: 0
    m_Uv:
      m_UseWorldSpace: 0
      m_FlipU: 0
      m_FlipV: 0
      m_SwapUV: 0
      m_Fill: 1
      m_Scale: {x: 1, y: 1}
      m_Offset: {x: 0, y: 0}
      m_Rotation: 0
      m_Anchor: 9
    m_Material: {fileID: 2100000, guid: 31321ba15b8f8eb4c954353edc038b1d, type: 2}
    m_SubmeshIndex: 0
    m_ManualUV: 0
    elementGroup: 0
    m_TextureGroup: -1
  - m_Indexes: 320000003100000030000000
    m_SmoothingGroup: 0
    m_Uv:
      m_UseWorldSpace: 0
      m_FlipU: 0
      m_FlipV: 0
      m_SwapUV: 0
      m_Fill: 1
      m_Scale: {x: 1, y: 1}
      m_Offset: {x: 0, y: 0}
      m_Rotation: 0
      m_Anchor: 9
    m_Material: {fileID: 2100000, guid: 31321ba15b8f8eb4c954353edc038b1d, type: 2}
    m_SubmeshIndex: 0
    m_ManualUV: 0
    elementGroup: 0
    m_TextureGroup: -1
  - m_Indexes: 380000003700000036000000
    m_SmoothingGroup: 0
    m_Uv:
      m_UseWorldSpace: 0
      m_FlipU: 0
      m_FlipV: 0
      m_SwapUV: 0
      m_Fill: 1
      m_Scale: {x: 1, y: 1}
      m_Offset: {x: 0, y: 0}
      m_Rotation: 0
      m_Anchor: 9
    m_Material: {fileID: 2100000, guid: 31321ba15b8f8eb4c954353edc038b1d, type: 2}
    m_SubmeshIndex: 0
    m_ManualUV: 0
    elementGroup: 0
    m_TextureGroup: -1
  - m_Indexes: 1b0000001c0000001d000000
    m_SmoothingGroup: 0
    m_Uv:
      m_UseWorldSpace: 0
      m_FlipU: 0
      m_FlipV: 0
      m_SwapUV: 0
      m_Fill: 1
      m_Scale: {x: 1, y: 1}
      m_Offset: {x: 0, y: 0}
      m_Rotation: 0
      m_Anchor: 9
    m_Material: {fileID: 2100000, guid: 31321ba15b8f8eb4c954353edc038b1d, type: 2}
    m_SubmeshIndex: 0
    m_ManualUV: 0
    elementGroup: 0
    m_TextureGroup: -1
  - m_Indexes: 210000002200000023000000
    m_SmoothingGroup: 0
    m_Uv:
      m_UseWorldSpace: 0
      m_FlipU: 0
      m_FlipV: 0
      m_SwapUV: 0
      m_Fill: 1
      m_Scale: {x: 1, y: 1}
      m_Offset: {x: 0, y: 0}
      m_Rotation: 0
      m_Anchor: 9
    m_Material: {fileID: 2100000, guid: 31321ba15b8f8eb4c954353edc038b1d, type: 2}
    m_SubmeshIndex: 0
    m_ManualUV: 0
    elementGroup: 0
    m_TextureGroup: -1
  - m_Indexes: 270000002800000029000000
    m_SmoothingGroup: 0
    m_Uv:
      m_UseWorldSpace: 0
      m_FlipU: 0
      m_FlipV: 0
      m_SwapUV: 0
      m_Fill: 1
      m_Scale: {x: 1, y: 1}
      m_Offset: {x: 0, y: 0}
      m_Rotation: 0
      m_Anchor: 9
    m_Material: {fileID: 2100000, guid: 31321ba15b8f8eb4c954353edc038b1d, type: 2}
    m_SubmeshIndex: 0
    m_ManualUV: 0
    elementGroup: 0
    m_TextureGroup: -1
  - m_Indexes: 2d0000002e0000002f000000
    m_SmoothingGroup: 0
    m_Uv:
      m_UseWorldSpace: 0
      m_FlipU: 0
      m_FlipV: 0
      m_SwapUV: 0
      m_Fill: 1
      m_Scale: {x: 1, y: 1}
      m_Offset: {x: 0, y: 0}
      m_Rotation: 0
      m_Anchor: 9
    m_Material: {fileID: 2100000, guid: 31321ba15b8f8eb4c954353edc038b1d, type: 2}
    m_SubmeshIndex: 0
    m_ManualUV: 0
    elementGroup: 0
    m_TextureGroup: -1
  - m_Indexes: 330000003400000035000000
    m_SmoothingGroup: 0
    m_Uv:
      m_UseWorldSpace: 0
      m_FlipU: 0
      m_FlipV: 0
      m_SwapUV: 0
      m_Fill: 1
      m_Scale: {x: 1, y: 1}
      m_Offset: {x: 0, y: 0}
      m_Rotation: 0
      m_Anchor: 9
    m_Material: {fileID: 2100000, guid: 31321ba15b8f8eb4c954353edc038b1d, type: 2}
    m_SubmeshIndex: 0
    m_ManualUV: 0
    elementGroup: 0
    m_TextureGroup: -1
  - m_Indexes: 390000003a0000003b000000
    m_SmoothingGroup: 0
    m_Uv:
      m_UseWorldSpace: 0
      m_FlipU: 0
      m_FlipV: 0
      m_SwapUV: 0
      m_Fill: 1
      m_Scale: {x: 1, y: 1}
      m_Offset: {x: 0, y: 0}
      m_Rotation: 0
      m_Anchor: 9
    m_Material: {fileID: 2100000, guid: 31321ba15b8f8eb4c954353edc038b1d, type: 2}
    m_SubmeshIndex: 0
    m_ManualUV: 0
    elementGroup: 0
    m_TextureGroup: -1
  - m_Indexes: 3c0000003d0000003e0000003d0000003f0000003e000000
    m_SmoothingGroup: 0
    m_Uv:
      m_UseWorldSpace: 0
      m_FlipU: 0
      m_FlipV: 0
      m_SwapUV: 0
      m_Fill: 1
      m_Scale: {x: 1, y: 1}
      m_Offset: {x: 0, y: 0}
      m_Rotation: 0
      m_Anchor: 9
    m_Material: {fileID: 0}
    m_SubmeshIndex: 0
    m_ManualUV: 0
    elementGroup: -1
    m_TextureGroup: -1
  - m_Indexes: 400000004100000042000000410000004300000042000000
    m_SmoothingGroup: 0
    m_Uv:
      m_UseWorldSpace: 0
      m_FlipU: 0
      m_FlipV: 0
      m_SwapUV: 0
      m_Fill: 1
      m_Scale: {x: 1, y: 1}
      m_Offset: {x: 0, y: 0}
      m_Rotation: 0
      m_Anchor: 9
    m_Material: {fileID: 0}
    m_SubmeshIndex: 0
    m_ManualUV: 0
    elementGroup: -1
    m_TextureGroup: -1
  - m_Indexes: 440000004500000046000000450000004700000046000000
    m_SmoothingGroup: 0
    m_Uv:
      m_UseWorldSpace: 0
      m_FlipU: 0
      m_FlipV: 0
      m_SwapUV: 0
      m_Fill: 1
      m_Scale: {x: 1, y: 1}
      m_Offset: {x: 0, y: 0}
      m_Rotation: 0
      m_Anchor: 9
    m_Material: {fileID: 0}
    m_SubmeshIndex: 0
    m_ManualUV: 0
    elementGroup: -1
    m_TextureGroup: -1
  - m_Indexes: 48000000490000004a000000490000004b0000004a000000
    m_SmoothingGroup: 0
    m_Uv:
      m_UseWorldSpace: 0
      m_FlipU: 0
      m_FlipV: 0
      m_SwapUV: 0
      m_Fill: 1
      m_Scale: {x: 1, y: 1}
      m_Offset: {x: 0, y: 0}
      m_Rotation: 0
      m_Anchor: 9
    m_Material: {fileID: 0}
    m_SubmeshIndex: 0
    m_ManualUV: 0
    elementGroup: -1
    m_TextureGroup: -1
  - m_Indexes: 4c0000004d0000004e0000004d0000004f0000004e000000
    m_SmoothingGroup: 0
    m_Uv:
      m_UseWorldSpace: 0
      m_FlipU: 0
      m_FlipV: 0
      m_SwapUV: 0
      m_Fill: 1
      m_Scale: {x: 1, y: 1}
      m_Offset: {x: 0, y: 0}
      m_Rotation: 0
      m_Anchor: 9
    m_Material: {fileID: 0}
    m_SubmeshIndex: 0
    m_ManualUV: 0
    elementGroup: -1
    m_TextureGroup: -1
  - m_Indexes: 500000005100000052000000510000005300000052000000
    m_SmoothingGroup: 0
    m_Uv:
      m_UseWorldSpace: 0
      m_FlipU: 0
      m_FlipV: 0
      m_SwapUV: 0
      m_Fill: 1
      m_Scale: {x: 1, y: 1}
      m_Offset: {x: 0, y: 0}
      m_Rotation: 0
      m_Anchor: 9
    m_Material: {fileID: 0}
    m_SubmeshIndex: 0
    m_ManualUV: 0
    elementGroup: -1
    m_TextureGroup: -1
  m_SharedVertices:
  - m_Vertices: 00000000160000001800000038000000
  - m_Vertices: 01000000170000004500000048000000
  - m_Vertices: 1b0000003b000000470000004a000000
  - m_Vertices: 02000000040000001a0000001e000000
  - m_Vertices: 03000000050000003d00000044000000
  - m_Vertices: 1d000000210000003f00000046000000
  - m_Vertices: 06000000080000002000000024000000
  - m_Vertices: 07000000090000003c00000041000000
  - m_Vertices: 23000000270000003e00000043000000
  - m_Vertices: 0a0000000c000000260000002a000000
  - m_Vertices: 0b0000000d0000004000000051000000
  - m_Vertices: 290000002d0000004200000053000000
  - m_Vertices: 0e000000100000002c00000030000000
  - m_Vertices: 0f000000110000004d00000050000000
  - m_Vertices: 2f000000330000004f00000052000000
  - m_Vertices: 12000000140000003200000036000000
  - m_Vertices: 1300000015000000490000004c000000
  - m_Vertices: 35000000390000004b0000004e000000
  - m_Vertices: 190000001f000000250000002b0000003100000037000000
  - m_Vertices: 1c00000022000000280000002e000000340000003a000000
  m_SharedTextures: []
  m_Positions:
  - {x: 0.5, y: -0.5, z: 0}
  - {x: 0.35135037, y: 1.28086, z: 0.29753992}
  - {x: 0.24999999, y: -0.5, z: 0.43301272}
  - {x: 0.083672486, y: 1.28086, z: 0.76117134}
  - {x: 0.24999999, y: -0.5, z: 0.43301272}
  - {x: 0.083672486, y: 1.28086, z: 0.76117134}
  - {x: -0.25000003, y: -0.5, z: 0.4330127}
  - {x: -0.45168287, y: 1.28086, z: 0.76117134}
  - {x: -0.25000003, y: -0.5, z: 0.4330127}
  - {x: -0.45168287, y: 1.28086, z: 0.76117134}
  - {x: -0.5, y: -0.5, z: -0.00000004371139}
  - {x: -0.71936065, y: 1.28086, z: 0.29753986}
  - {x: -0.5, y: -0.5, z: -0.00000004371139}
  - {x: -0.71936065, y: 1.28086, z: 0.29753986}
  - {x: -0.24999996, y: -0.5, z: -0.43301272}
  - {x: -0.45168278, y: 1.28086, z: -0.16609152}
  - {x: -0.24999996, y: -0.5, z: -0.43301272}
  - {x: -0.45168278, y: 1.28086, z: -0.16609152}
  - {x: 0.24999996, y: -0.5, z: -0.43301272}
  - {x: 0.08367243, y: 1.28086, z: -0.16609152}
  - {x: 0.24999996, y: -0.5, z: -0.43301272}
  - {x: 0.08367243, y: 1.28086, z: -0.16609152}
  - {x: 0.5, y: -0.5, z: 0}
  - {x: 0.35135037, y: 1.28086, z: 0.29753992}
  - {x: 0.5, y: -0.5, z: 0}
  - {x: 0, y: -0.5, z: 0}
  - {x: 0.24999999, y: -0.5, z: 0.43301272}
  - {x: 1.1720328, y: 4.6205897, z: 0.67197824}
  - {x: -0.090736836, y: 4.6205897, z: 0.67197824}
  - {x: 0.54064804, y: 4.6205897, z: 1.6212041}
  - {x: 0.24999999, y: -0.5, z: 0.43301272}
  - {x: 0, y: -0.5, z: 0}
  - {x: -0.25000003, y: -0.5, z: 0.4330127}
  - {x: 0.54064804, y: 4.6205897, z: 1.6212041}
  - {x: -0.090736836, y: 4.6205897, z: 0.67197824}
  - {x: -0.7221208, y: 4.6205897, z: 1.6212041}
  - {x: -0.25000003, y: -0.5, z: 0.4330127}
  - {x: 0, y: -0.5, z: 0}
  - {x: -0.5, y: -0.5, z: -0.00000004371139}
  - {x: -0.7221208, y: 4.6205897, z: 1.6212041}
  - {x: -0.090736836, y: 4.6205897, z: 0.67197824}
  - {x: -1.3535054, y: 4.6205897, z: 0.67197806}
  - {x: -0.5, y: -0.5, z: -0.00000004371139}
  - {x: 0, y: -0.5, z: 0}
  - {x: -0.24999996, y: -0.5, z: -0.43301272}
  - {x: -1.3535054, y: 4.6205897, z: 0.67197806}
  - {x: -0.090736836, y: 4.6205897, z: 0.67197824}
  - {x: -0.72212064, y: 4.6205897, z: -0.27724785}
  - {x: -0.24999996, y: -0.5, z: -0.43301272}
  - {x: 0, y: -0.5, z: 0}
  - {x: 0.24999996, y: -0.5, z: -0.43301272}
  - {x: -0.72212064, y: 4.6205897, z: -0.27724785}
  - {x: -0.090736836, y: 4.6205897, z: 0.67197824}
  - {x: 0.5406478, y: 4.6205897, z: -0.27724785}
  - {x: 0.24999996, y: -0.5, z: -0.43301272}
  - {x: 0, y: -0.5, z: 0}
  - {x: 0.5, y: -0.5, z: 0}
  - {x: 0.5406478, y: 4.6205897, z: -0.27724785}
  - {x: -0.090736836, y: 4.6205897, z: 0.67197824}
  - {x: 1.1720328, y: 4.6205897, z: 0.67197824}
  - {x: -0.45168287, y: 1.28086, z: 0.76117134}
  - {x: 0.083672486, y: 1.28086, z: 0.76117134}
  - {x: -0.7221208, y: 4.6205897, z: 1.6212041}
  - {x: 0.54064804, y: 4.6205897, z: 1.6212041}
  - {x: -0.71936065, y: 1.28086, z: 0.29753986}
  - {x: -0.45168287, y: 1.28086, z: 0.76117134}
  - {x: -1.3535054, y: 4.6205897, z: 0.67197806}
  - {x: -0.7221208, y: 4.6205897, z: 1.6212041}
  - {x: 0.083672486, y: 1.28086, z: 0.76117134}
  - {x: 0.35135037, y: 1.28086, z: 0.29753992}
  - {x: 0.54064804, y: 4.6205897, z: 1.6212041}
  - {x: 1.1720328, y: 4.6205897, z: 0.67197824}
  - {x: 0.35135037, y: 1.28086, z: 0.29753992}
  - {x: 0.08367243, y: 1.28086, z: -0.16609152}
  - {x: 1.1720328, y: 4.6205897, z: 0.67197824}
  - {x: 0.5406478, y: 4.6205897, z: -0.27724785}
  - {x: 0.08367243, y: 1.28086, z: -0.16609152}
  - {x: -0.45168278, y: 1.28086, z: -0.16609152}
  - {x: 0.5406478, y: 4.6205897, z: -0.27724785}
  - {x: -0.72212064, y: 4.6205897, z: -0.27724785}
  - {x: -0.45168278, y: 1.28086, z: -0.16609152}
  - {x: -0.71936065, y: 1.28086, z: 0.29753986}
  - {x: -0.72212064, y: 4.6205897, z: -0.27724785}
  - {x: -1.3535054, y: 4.6205897, z: 0.67197806}
  m_Textures0:
  - {x: -0.25, y: -0.49509704}
  - {x: 0.08200196, y: 1.2858756}
  - {x: 0.25000006, y: -0.49509704}
  - {x: 0.6173575, y: 1.2858756}
  - {x: -0.25, y: -0.4132514}
  - {x: -0.08367253, y: 1.3975911}
  - {x: 0.25, y: -0.4132514}
  - {x: 0.4516828, y: 1.3975911}
  - {x: -0.25000003, y: -0.41027942}
  - {x: -0.43335235, y: 1.4025108}
  - {x: 0.25, y: -0.41027942}
  - {x: 0.10200317, y: 1.4025108}
  - {x: -0.25000003, y: -0.48985076}
  - {x: -0.6173575, y: 1.2914858}
  - {x: 0.25, y: -0.48985076}
  - {x: -0.08200197, y: 1.2914858}
  - {x: -0.24999996, y: -0.5586611}
  - {x: -0.45168278, y: 1.2420913}
  - {x: 0.24999996, y: -0.5586611}
  - {x: 0.08367243, y: 1.2420913}
  - {x: -0.25, y: -0.56070805}
  - {x: -0.10200325, y: 1.2416435}
  - {x: 0.25000006, y: -0.56070805}
  - {x: 0.43335235, y: 1.2416434}
  - {x: -0.5, y: 0}
  - {x: 0, y: 0}
  - {x: -0.24999999, y: 0.43301272}
  - {x: 1.1720328, y: 0.67197824}
  - {x: -0.090736836, y: 0.67197824}
  - {x: 0.54064804, y: 1.6212041}
  - {x: -0.24999999, y: 0.43301272}
  - {x: 0, y: 0}
  - {x: 0.25000003, y: 0.4330127}
  - {x: 0.54064804, y: 1.6212041}
  - {x: -0.090736836, y: 0.67197824}
  - {x: -0.7221208, y: 1.6212041}
  - {x: 0.25000003, y: 0.4330127}
  - {x: 0, y: 0}
  - {x: 0.5, y: -0.00000004371139}
  - {x: -0.7221208, y: 1.6212041}
  - {x: -0.090736836, y: 0.67197824}
  - {x: -1.3535054, y: 0.67197806}
  - {x: 0.5, y: -0.00000004371139}
  - {x: 0, y: 0}
  - {x: 0.24999996, y: -0.43301272}
  - {x: -1.3535054, y: 0.67197806}
  - {x: -0.090736836, y: 0.67197824}
  - {x: -0.72212064, y: -0.27724785}
  - {x: 0.24999996, y: -0.43301272}
  - {x: 0, y: 0}
  - {x: -0.24999996, y: -0.43301272}
  - {x: -0.72212064, y: -0.27724785}
  - {x: -0.090736836, y: 0.67197824}
  - {x: 0.5406478, y: -0.27724785}
  - {x: -0.24999996, y: -0.43301272}
  - {x: 0, y: 0}
  - {x: -0.5, y: 0}
  - {x: 0.5406478, y: -0.27724785}
  - {x: -0.090736836, y: 0.67197824}
  - {x: 1.1720328, y: 0.67197824}
  - {x: 0.45168287, y: 1.4302129}
  - {x: -0.083672486, y: 1.4302129}
  - {x: 0.7221208, y: 4.878901}
  - {x: -0.54064804, y: 4.878901}
  - {x: 0.10200329, y: 1.4169925}
  - {x: -0.43335223, y: 1.4169925}
  - {x: 0.09480271, y: 4.8369465}
  - {x: -1.0429435, y: 4.821404}
  - {x: 0.6173574, y: 1.3521595}
  - {x: 0.08200184, y: 1.3521595}
  - {x: 1.1336796, y: 4.7924633}
  - {x: -0.0040664943, y: 4.809789}
  - {x: 0.43335238, y: 1.2894901}
  - {x: -0.10200321, y: 1.2894901}
  - {x: 1.1679668, y: 4.670002}
  - {x: 0.030220423, y: 4.658824}
  - {x: 0.08367243, y: 1.285676}
  - {x: -0.45168278, y: 1.285676}
  - {x: 0.5406478, y: 4.627255}
  - {x: -0.72212064, y: 4.627255}
  - {x: -0.08200204, y: 1.3170583}
  - {x: -0.61735755, y: 1.3170583}
  - {x: -0.12095685, y: 4.669337}
  - {x: -1.258703, y: 4.675576}
  m_Textures2: []
  m_Textures3: []
  m_Tangents:
  - {x: -0.0073451805, y: 0.047102623, z: 0.99886304, w: -1}
  - {x: -0.007345146, y: 0.047102638, z: 0.99886304, w: -1}
  - {x: -0.8583124, y: 0.06305707, z: 0.50923824, w: -1}
  - {x: -0.8583124, y: 0.06305706, z: 0.5092381, w: -1}
  - {x: -0.86543757, y: -0.0644652, z: 0.49685207, w: -1}
  - {x: -0.8654376, y: -0.064465195, z: 0.496852, w: -1}
  - {x: -0.87259436, y: 0.11829055, z: -0.47390538, w: -1}
  - {x: -0.87259436, y: 0.118290566, z: -0.47390538, w: -1}
  - {x: -0.84699696, y: -0.11845774, z: -0.5182316, w: -1}
  - {x: -0.84699696, y: -0.118457735, z: -0.5182316, w: -1}
  - {x: -0.0035505318, y: 0.070224464, z: -0.99752486, w: -1}
  - {x: -0.0035505663, y: 0.07022447, z: -0.99752486, w: -1}
  - {x: 0.013433829, y: -0.0686124, z: -0.99755293, w: -1}
  - {x: 0.01343383, y: -0.06861242, z: -0.99755293, w: -1}
  - {x: 0.8622013, y: -0.041379627, z: -0.5048729, w: -1}
  - {x: 0.8622013, y: -0.04137963, z: -0.5048729, w: -1}
  - {x: 0.86522335, y: 0.041981023, z: -0.49962613, w: -1}
  - {x: 0.86522335, y: 0.041981034, z: -0.49962613, w: -1}
  - {x: 0.87049866, y: -0.098272204, z: 0.48225987, w: -1}
  - {x: 0.8704987, y: -0.09827219, z: 0.48225987, w: -1}
  - {x: 0.853141, y: 0.09838743, z: 0.51231855, w: -1}
  - {x: 0.8531411, y: 0.098387554, z: 0.5123185, w: -1}
  - {x: 0.00052654557, y: -0.047856152, z: 0.99885404, w: -1}
  - {x: 0.0005264423, y: -0.047856048, z: 0.9988541, w: -1}
  - {x: -1, y: 0, z: 0, w: -1}
  - {x: -1, y: 0, z: 0, w: -1}
  - {x: -1, y: 0, z: 0, w: -1}
  - {x: 1, y: 0, z: 0, w: -1}
  - {x: 1, y: 0, z: 0, w: -1}
  - {x: 1, y: 0, z: 0, w: -1}
  - {x: -1, y: 0, z: 0, w: -1}
  - {x: -1, y: 0, z: 0, w: -1}
  - {x: -1, y: 0, z: 0, w: -1}
  - {x: 1, y: 0, z: 0, w: -1}
  - {x: 1, y: 0, z: 0, w: -1}
  - {x: 1, y: 0, z: 0, w: -1}
  - {x: -1, y: 0, z: 0, w: -1}
  - {x: -1, y: 0, z: 0, w: -1}
  - {x: -1, y: 0, z: 0, w: -1}
  - {x: 1, y: 0, z: 0, w: -1}
  - {x: 1, y: 0, z: 0, w: -1}
  - {x: 1, y: 0, z: 0, w: -1}
  - {x: -1, y: 0, z: 0, w: -1}
  - {x: -1, y: 0, z: 0, w: -1}
  - {x: -1, y: 0, z: 0, w: -1}
  - {x: 1, y: 0, z: 0, w: -1}
  - {x: 1, y: 0, z: 0, w: -1}
  - {x: 1, y: 0, z: 0, w: -1}
  - {x: -1, y: 0, z: 0, w: -1}
  - {x: -1, y: 0, z: 0, w: -1}
  - {x: -1, y: 0, z: 0, w: -1}
  - {x: 1, y: 0, z: 0, w: -1}
  - {x: 1, y: 0, z: 0, w: -1}
  - {x: 1, y: 0, z: 0, w: -1}
  - {x: -1, y: 0, z: 0, w: -1}
  - {x: -1, y: 0, z: 0, w: -1}
  - {x: -1, y: 0, z: 0, w: -1}
  - {x: 1, y: 0, z: 0, w: -1}
  - {x: 1, y: 0, z: 0, w: -1}
  - {x: 1, y: 0, z: 0, w: -1}
  - {x: -1, y: 0, z: 0, w: -1}
  - {x: -1, y: 0, z: 0, w: -1}
  - {x: -1, y: 0, z: 0, w: -1}
  - {x: -1, y: 0, z: 0, w: -1}
  - {x: -0.5, y: 0, z: -0.8660254, w: -1}
  - {x: -0.5259745, y: -0.0066746166, z: -0.85047406, w: -1}
  - {x: -0.5259745, y: -0.0066746166, z: -0.85047406, w: -1}
  - {x: -0.55144477, y: -0.013342848, z: -0.83410466, w: -1}
  - {x: -0.50000024, y: 0, z: 0.8660253, w: -1}
  - {x: -0.5254965, y: 0.007346011, z: 0.8507641, w: -1}
  - {x: -0.5254965, y: 0.007346011, z: 0.8507641, w: -1}
  - {x: -0.5505045, y: 0.0146869775, z: 0.8347029, w: -1}
  - {x: 0.5000003, y: 0, z: 0.86602527, w: -1}
  - {x: 0.52662224, y: -0.00486359, z: 0.8500856, w: -1}
  - {x: 0.52662224, y: -0.00486359, z: 0.8500856, w: -1}
  - {x: 0.5527319, y: -0.009722908, z: 0.8333024, w: -1}
  - {x: 1, y: 0, z: 0, w: -1}
  - {x: 1, y: 0, z: 0, w: -1}
  - {x: 1, y: 0, z: 0, w: -1}
  - {x: 1, y: 0, z: 0, w: -1}
  - {x: 0.50000024, y: 0, z: -0.8660253, w: -1}
  - {x: 0.52695465, y: 0.0027252452, z: -0.84988916, w: -1}
  - {x: 0.52695465, y: 0.0027252452, z: -0.84988916, w: -1}
  - {x: 0.5533862, y: 0.0054482026, z: -0.83290696, w: -1}
  m_Colors: []
  m_UnwrapParameters:
    m_HardAngle: 88
    m_PackMargin: 20
    m_AngleError: 8
    m_AreaError: 15
  m_PreserveMeshAssetOnDestroy: 0
  assetGuid: 
  m_Mesh: {fileID: 0}
  m_VersionIndex: 1092
  m_IsSelectable: 1
  m_SelectedFaces: 0e0000000f00000010000000110000000c0000000d000000
  m_SelectedEdges:
  - a: 39
    b: 40
  - a: 40
    b: 41
  - a: 41
    b: 39
  - a: 45
    b: 46
  - a: 46
    b: 47
  - a: 47
    b: 45
  - a: 51
    b: 52
  - a: 52
    b: 53
  - a: 53
    b: 51
  - a: 57
    b: 58
  - a: 58
    b: 59
  - a: 59
    b: 57
  - a: 27
    b: 28
  - a: 28
    b: 29
  - a: 29
    b: 27
  - a: 33
    b: 34
  - a: 34
    b: 35
  - a: 35
    b: 33
  m_SelectedVertices: 2700000028000000290000002d0000002e0000002f000000330000003400000035000000390000003a0000003b0000001b0000001c0000001d000000210000002200000023000000
--- !u!114 &2065286962885507220
MonoBehaviour:
  m_ObjectHideFlags: 0
  m_CorrespondingSourceObject: {fileID: 0}
  m_PrefabInstance: {fileID: 0}
  m_PrefabAsset: {fileID: 0}
  m_GameObject: {fileID: 1840679250945496815}
  m_Enabled: 1
  m_EditorHideFlags: 0
  m_Script: {fileID: 11500000, guid: 1ca002da428252441b92f28d83c8a65f, type: 3}
  m_Name: 
  m_EditorClassIdentifier: 
  m_Shape:
    rid: 4596214977685094538
  m_Size: {x: 1, y: 1, z: 1}
  m_Rotation: {x: 0, y: 0, z: 0, w: 1}
  m_PivotLocation: 0
  m_PivotPosition: {x: 0, y: 0, z: 0}
  m_UnmodifiedMeshVersion: 15
  m_ShapeBox:
    m_Center: {x: 0, y: 0, z: 0}
    m_Extent: {x: 0.5, y: 0.5, z: 0.5}
  references:
    version: 2
    RefIds:
    - rid: 4596214977685094538
      type: {class: Cylinder, ns: UnityEngine.ProBuilder.Shapes, asm: Unity.ProBuilder}
      data:
        m_AxisDivisions: 6
        m_HeightCuts: 0
        m_Smooth: 1
--- !u!23 &1338672333186930574
MeshRenderer:
  m_ObjectHideFlags: 0
  m_CorrespondingSourceObject: {fileID: 0}
  m_PrefabInstance: {fileID: 0}
  m_PrefabAsset: {fileID: 0}
  m_GameObject: {fileID: 1840679250945496815}
  m_Enabled: 0
  m_CastShadows: 1
  m_ReceiveShadows: 1
  m_DynamicOccludee: 1
  m_StaticShadowCaster: 0
  m_MotionVectors: 1
  m_LightProbeUsage: 1
  m_ReflectionProbeUsage: 1
  m_RayTracingMode: 2
  m_RayTraceProcedural: 0
  m_RenderingLayerMask: 1
  m_RendererPriority: 0
  m_Materials:
  - {fileID: 2100000, guid: bbb235fff4f48426b863b36058ab66d2, type: 2}
  m_StaticBatchInfo:
    firstSubMesh: 0
    subMeshCount: 0
  m_StaticBatchRoot: {fileID: 0}
  m_ProbeAnchor: {fileID: 0}
  m_LightProbeVolumeOverride: {fileID: 0}
  m_ScaleInLightmap: 1
  m_ReceiveGI: 1
  m_PreserveUVs: 0
  m_IgnoreNormalsForChartDetection: 0
  m_ImportantGI: 0
  m_StitchLightmapSeams: 1
  m_SelectedEditorRenderState: 2
  m_MinimumChartSize: 4
  m_AutoUVMaxDistance: 0.5
  m_AutoUVMaxAngle: 89
  m_LightmapParameters: {fileID: 0}
  m_SortingLayerID: 0
  m_SortingLayer: 0
  m_SortingOrder: 0
  m_AdditionalVertexStreams: {fileID: 0}
--- !u!33 &3225530014986482401
MeshFilter:
  m_ObjectHideFlags: 0
  m_CorrespondingSourceObject: {fileID: 0}
  m_PrefabInstance: {fileID: 0}
  m_PrefabAsset: {fileID: 0}
  m_GameObject: {fileID: 1840679250945496815}
  m_Mesh: {fileID: 0}
--- !u!64 &1073019148321340175
MeshCollider:
  m_ObjectHideFlags: 0
  m_CorrespondingSourceObject: {fileID: 0}
  m_PrefabInstance: {fileID: 0}
  m_PrefabAsset: {fileID: 0}
  m_GameObject: {fileID: 1840679250945496815}
  m_Material: {fileID: 0}
  m_IsTrigger: 0
  m_Enabled: 1
  serializedVersion: 4
  m_Convex: 0
  m_CookingOptions: 30
  m_Mesh: {fileID: 0}
--- !u!114 &4829476372361096087
MonoBehaviour:
  m_ObjectHideFlags: 0
  m_CorrespondingSourceObject: {fileID: 0}
  m_PrefabInstance: {fileID: 0}
  m_PrefabAsset: {fileID: 0}
  m_GameObject: {fileID: 1840679250945496815}
  m_Enabled: 1
  m_EditorHideFlags: 0
  m_Script: {fileID: 11500000, guid: 57444c075000242ea99e263cee940de2, type: 3}
  m_Name: 
  m_EditorClassIdentifier: 
  manageVisibility: 1
--- !u!1 &3015583333814475782
GameObject:
  m_ObjectHideFlags: 0
  m_CorrespondingSourceObject: {fileID: 0}
  m_PrefabInstance: {fileID: 0}
  m_PrefabAsset: {fileID: 0}
  serializedVersion: 6
  m_Component:
  - component: {fileID: 1243870789226604678}
  - component: {fileID: 5879313095828132025}
  - component: {fileID: 2663227667720853883}
  m_Layer: 0
  m_Name: Tree(M)A_LOD1
  m_TagString: Untagged
  m_Icon: {fileID: 0}
  m_NavMeshLayer: 0
  m_StaticEditorFlags: 0
  m_IsActive: 1
--- !u!4 &1243870789226604678
Transform:
  m_ObjectHideFlags: 0
  m_CorrespondingSourceObject: {fileID: 0}
  m_PrefabInstance: {fileID: 0}
  m_PrefabAsset: {fileID: 0}
  m_GameObject: {fileID: 3015583333814475782}
  m_LocalRotation: {x: 0, y: -0, z: -0, w: 1}
  m_LocalPosition: {x: -0, y: 0, z: 0}
  m_LocalScale: {x: 1, y: 1, z: 1}
  m_ConstrainProportionsScale: 0
  m_Children: []
  m_Father: {fileID: 4673800441039489797}
  m_RootOrder: 1
  m_LocalEulerAnglesHint: {x: 0, y: 0, z: 0}
--- !u!33 &5879313095828132025
MeshFilter:
  m_ObjectHideFlags: 0
  m_CorrespondingSourceObject: {fileID: 0}
  m_PrefabInstance: {fileID: 0}
  m_PrefabAsset: {fileID: 0}
  m_GameObject: {fileID: 3015583333814475782}
  m_Mesh: {fileID: -4736634859084636610, guid: 1c894f97834199248b7c2a927d62d3e7, type: 3}
--- !u!23 &2663227667720853883
MeshRenderer:
  m_ObjectHideFlags: 0
  m_CorrespondingSourceObject: {fileID: 0}
  m_PrefabInstance: {fileID: 0}
  m_PrefabAsset: {fileID: 0}
  m_GameObject: {fileID: 3015583333814475782}
  m_Enabled: 1
  m_CastShadows: 1
  m_ReceiveShadows: 1
  m_DynamicOccludee: 1
  m_StaticShadowCaster: 0
  m_MotionVectors: 1
  m_LightProbeUsage: 1
  m_ReflectionProbeUsage: 1
  m_RayTracingMode: 2
  m_RayTraceProcedural: 0
  m_RenderingLayerMask: 1
  m_RendererPriority: 0
  m_Materials:
  - {fileID: 2100000, guid: 3456562e75019b54c9e2db31350c92f2, type: 2}
  - {fileID: 2100000, guid: 731abd7788d736a4e8ee2d456175ba21, type: 2}
  m_StaticBatchInfo:
    firstSubMesh: 0
    subMeshCount: 0
  m_StaticBatchRoot: {fileID: 0}
  m_ProbeAnchor: {fileID: 0}
  m_LightProbeVolumeOverride: {fileID: 0}
  m_ScaleInLightmap: 1
  m_ReceiveGI: 1
  m_PreserveUVs: 0
  m_IgnoreNormalsForChartDetection: 0
  m_ImportantGI: 0
  m_StitchLightmapSeams: 1
  m_SelectedEditorRenderState: 3
  m_MinimumChartSize: 4
  m_AutoUVMaxDistance: 0.5
  m_AutoUVMaxAngle: 89
  m_LightmapParameters: {fileID: 0}
  m_SortingLayerID: 0
  m_SortingLayer: 0
  m_SortingOrder: 0
  m_AdditionalVertexStreams: {fileID: 0}
--- !u!1 &5446958684192723391
GameObject:
  m_ObjectHideFlags: 0
  m_CorrespondingSourceObject: {fileID: 0}
  m_PrefabInstance: {fileID: 0}
  m_PrefabAsset: {fileID: 0}
  serializedVersion: 6
  m_Component:
  - component: {fileID: 4673800441039489797}
  - component: {fileID: 713064757472562065}
  m_Layer: 0
  m_Name: L2_GenericTree(M)A
  m_TagString: Untagged
  m_Icon: {fileID: 0}
  m_NavMeshLayer: 0
  m_StaticEditorFlags: 0
  m_IsActive: 1
--- !u!4 &4673800441039489797
Transform:
  m_ObjectHideFlags: 0
  m_CorrespondingSourceObject: {fileID: 0}
  m_PrefabInstance: {fileID: 0}
  m_PrefabAsset: {fileID: 0}
  m_GameObject: {fileID: 5446958684192723391}
  m_LocalRotation: {x: 0, y: 0, z: 0, w: 1}
  m_LocalPosition: {x: 0, y: 0, z: 0}
  m_LocalScale: {x: 3.8128836, y: 3.8128836, z: 3.8128836}
  m_ConstrainProportionsScale: 0
  m_Children:
  - {fileID: 9104702735755171540}
  - {fileID: 1243870789226604678}
  - {fileID: 8976012329635001891}
  m_Father: {fileID: 0}
  m_RootOrder: 0
  m_LocalEulerAnglesHint: {x: 0, y: 0, z: 0}
--- !u!205 &713064757472562065
LODGroup:
  m_ObjectHideFlags: 0
  m_CorrespondingSourceObject: {fileID: 0}
  m_PrefabInstance: {fileID: 0}
  m_PrefabAsset: {fileID: 0}
  m_GameObject: {fileID: 5446958684192723391}
  serializedVersion: 2
  m_LocalReferencePoint: {x: 0.37968755, y: 2.4893157, z: -0.08408785}
  m_Size: 5.3323636
  m_FadeMode: 0
  m_AnimateCrossFading: 0
  m_LastLODIsBillboard: 0
  m_LODs:
  - screenRelativeHeight: 0.25
    fadeTransitionWidth: 0
    renderers:
    - renderer: {fileID: 1816232597100075714}
  - screenRelativeHeight: 0.014760572
    fadeTransitionWidth: 0
    renderers:
    - renderer: {fileID: 2663227667720853883}
  m_Enabled: 1
--- !u!1 &8214192496293164130
GameObject:
  m_ObjectHideFlags: 0
  m_CorrespondingSourceObject: {fileID: 0}
  m_PrefabInstance: {fileID: 0}
  m_PrefabAsset: {fileID: 0}
  serializedVersion: 6
  m_Component:
  - component: {fileID: 9104702735755171540}
  - component: {fileID: 5557392132116765811}
  - component: {fileID: 1816232597100075714}
  m_Layer: 0
  m_Name: Tree(M)A_LOD0
  m_TagString: Untagged
  m_Icon: {fileID: 0}
  m_NavMeshLayer: 0
  m_StaticEditorFlags: 0
  m_IsActive: 1
--- !u!4 &9104702735755171540
Transform:
  m_ObjectHideFlags: 0
  m_CorrespondingSourceObject: {fileID: 0}
  m_PrefabInstance: {fileID: 0}
  m_PrefabAsset: {fileID: 0}
  m_GameObject: {fileID: 8214192496293164130}
  m_LocalRotation: {x: 0, y: -0, z: -0, w: 1}
  m_LocalPosition: {x: -0, y: 0, z: 0}
  m_LocalScale: {x: 1, y: 1, z: 1}
  m_ConstrainProportionsScale: 0
  m_Children: []
  m_Father: {fileID: 4673800441039489797}
  m_RootOrder: 0
  m_LocalEulerAnglesHint: {x: 0, y: 0, z: 0}
--- !u!33 &5557392132116765811
MeshFilter:
  m_ObjectHideFlags: 0
  m_CorrespondingSourceObject: {fileID: 0}
  m_PrefabInstance: {fileID: 0}
  m_PrefabAsset: {fileID: 0}
  m_GameObject: {fileID: 8214192496293164130}
  m_Mesh: {fileID: 1136170511732964547, guid: 1c894f97834199248b7c2a927d62d3e7, type: 3}
--- !u!23 &1816232597100075714
MeshRenderer:
  m_ObjectHideFlags: 0
  m_CorrespondingSourceObject: {fileID: 0}
  m_PrefabInstance: {fileID: 0}
  m_PrefabAsset: {fileID: 0}
  m_GameObject: {fileID: 8214192496293164130}
  m_Enabled: 1
  m_CastShadows: 1
  m_ReceiveShadows: 1
  m_DynamicOccludee: 1
  m_StaticShadowCaster: 0
  m_MotionVectors: 1
  m_LightProbeUsage: 1
  m_ReflectionProbeUsage: 1
  m_RayTracingMode: 2
  m_RayTraceProcedural: 0
  m_RenderingLayerMask: 1
  m_RendererPriority: 0
  m_Materials:
  - {fileID: 2100000, guid: 3456562e75019b54c9e2db31350c92f2, type: 2}
  - {fileID: 2100000, guid: 731abd7788d736a4e8ee2d456175ba21, type: 2}
  m_StaticBatchInfo:
    firstSubMesh: 0
    subMeshCount: 0
  m_StaticBatchRoot: {fileID: 0}
  m_ProbeAnchor: {fileID: 0}
  m_LightProbeVolumeOverride: {fileID: 0}
  m_ScaleInLightmap: 1
  m_ReceiveGI: 1
  m_PreserveUVs: 0
  m_IgnoreNormalsForChartDetection: 0
  m_ImportantGI: 0
  m_StitchLightmapSeams: 1
  m_SelectedEditorRenderState: 3
  m_MinimumChartSize: 4
  m_AutoUVMaxDistance: 0.5
  m_AutoUVMaxAngle: 89
  m_LightmapParameters: {fileID: 0}
  m_SortingLayerID: 0
  m_SortingLayer: 0
  m_SortingOrder: 0
  m_AdditionalVertexStreams: {fileID: 0}
