%YAML 1.1
%TAG !u! tag:unity3d.com,2011:
--- !u!1 &1383608217036446213
GameObject:
  m_ObjectHideFlags: 0
  m_CorrespondingSourceObject: {fileID: 0}
  m_PrefabInstance: {fileID: 0}
  m_PrefabAsset: {fileID: 0}
  serializedVersion: 6
  m_Component:
  - component: {fileID: 1383608217036446212}
  m_Layer: 0
  m_Name: L4_MountainRock_C
  m_TagString: Untagged
  m_Icon: {fileID: 0}
  m_NavMeshLayer: 0
  m_StaticEditorFlags: 0
  m_IsActive: 1
--- !u!4 &1383608217036446212
Transform:
  m_ObjectHideFlags: 0
  m_CorrespondingSourceObject: {fileID: 0}
  m_PrefabInstance: {fileID: 0}
  m_PrefabAsset: {fileID: 0}
  m_GameObject: {fileID: 1383608217036446213}
  m_LocalRotation: {x: -0.040803317, y: 0.2550258, z: 0.009173239, w: 0.9660294}
  m_LocalPosition: {x: -658.2, y: -14, z: -1.9}
  m_LocalScale: {x: 5.518781, y: 5.5187817, z: 5.518781}
  m_ConstrainProportionsScale: 0
  m_Children:
  - {fileID: 1432377955002437434}
  - {fileID: 1432377955154194994}
  - {fileID: 1432377955172495812}
  - {fileID: 1432377954392797788}
  - {fileID: 1432377955886053640}
  - {fileID: 1432377954777148381}
  - {fileID: 1432377955757726718}
  - {fileID: 1432377954552302192}
  - {fileID: 4399058245210542066}
  - {fileID: 6848205104298757189}
  - {fileID: 1950285995116958568}
  - {fileID: 1427308549185274536}
  - {fileID: 2508745016051917325}
  - {fileID: 3482166805212290306}
  - {fileID: 4127893656755782631}
  m_Father: {fileID: 0}
  m_RootOrder: 0
  m_LocalEulerAnglesHint: {x: -4.791, y: 0.368, z: -0.178}
--- !u!1001 &1377421913257827963
PrefabInstance:
  m_ObjectHideFlags: 0
  serializedVersion: 2
  m_Modification:
    m_TransformParent: {fileID: 1383608217036446212}
    m_Modifications:
    - target: {fileID: 59466530567707859, guid: be9cccfaa73e11a4a9813ad713cb98b9,
        type: 3}
      propertyPath: m_RootOrder
      value: 11
      objectReference: {fileID: 0}
    - target: {fileID: 59466530567707859, guid: be9cccfaa73e11a4a9813ad713cb98b9,
        type: 3}
      propertyPath: m_LocalScale.x
      value: 1.1832724
      objectReference: {fileID: 0}
    - target: {fileID: 59466530567707859, guid: be9cccfaa73e11a4a9813ad713cb98b9,
        type: 3}
      propertyPath: m_LocalScale.y
      value: 1.1832724
      objectReference: {fileID: 0}
    - target: {fileID: 59466530567707859, guid: be9cccfaa73e11a4a9813ad713cb98b9,
        type: 3}
      propertyPath: m_LocalScale.z
      value: 1.1832721
      objectReference: {fileID: 0}
    - target: {fileID: 59466530567707859, guid: be9cccfaa73e11a4a9813ad713cb98b9,
        type: 3}
      propertyPath: m_LocalPosition.x
      value: 1.22
      objectReference: {fileID: 0}
    - target: {fileID: 59466530567707859, guid: be9cccfaa73e11a4a9813ad713cb98b9,
        type: 3}
      propertyPath: m_LocalPosition.y
      value: -0.56
      objectReference: {fileID: 0}
    - target: {fileID: 59466530567707859, guid: be9cccfaa73e11a4a9813ad713cb98b9,
        type: 3}
      propertyPath: m_LocalPosition.z
      value: -2.7
      objectReference: {fileID: 0}
    - target: {fileID: 59466530567707859, guid: be9cccfaa73e11a4a9813ad713cb98b9,
        type: 3}
      propertyPath: m_LocalRotation.w
      value: -0.086354464
      objectReference: {fileID: 0}
    - target: {fileID: 59466530567707859, guid: be9cccfaa73e11a4a9813ad713cb98b9,
        type: 3}
      propertyPath: m_LocalRotation.x
      value: 0.87644875
      objectReference: {fileID: 0}
    - target: {fileID: 59466530567707859, guid: be9cccfaa73e11a4a9813ad713cb98b9,
        type: 3}
      propertyPath: m_LocalRotation.y
      value: 0.0011250516
      objectReference: {fileID: 0}
    - target: {fileID: 59466530567707859, guid: be9cccfaa73e11a4a9813ad713cb98b9,
        type: 3}
      propertyPath: m_LocalRotation.z
      value: 0.47368696
      objectReference: {fileID: 0}
    - target: {fileID: 59466530567707859, guid: be9cccfaa73e11a4a9813ad713cb98b9,
        type: 3}
      propertyPath: m_LocalEulerAnglesHint.x
      value: 188.768
      objectReference: {fileID: 0}
    - target: {fileID: 59466530567707859, guid: be9cccfaa73e11a4a9813ad713cb98b9,
        type: 3}
      propertyPath: m_LocalEulerAnglesHint.y
      value: -57.134003
      objectReference: {fileID: 0}
    - target: {fileID: 59466530567707859, guid: be9cccfaa73e11a4a9813ad713cb98b9,
        type: 3}
      propertyPath: m_LocalEulerAnglesHint.z
      value: 4.6340027
      objectReference: {fileID: 0}
    - target: {fileID: 835581360745940585, guid: be9cccfaa73e11a4a9813ad713cb98b9,
        type: 3}
      propertyPath: m_Name
      value: L4_Rock_06 (5)
      objectReference: {fileID: 0}
    m_RemovedComponents: []
  m_SourcePrefab: {fileID: 100100000, guid: be9cccfaa73e11a4a9813ad713cb98b9, type: 3}
--- !u!4 &1427308549185274536 stripped
Transform:
  m_CorrespondingSourceObject: {fileID: 59466530567707859, guid: be9cccfaa73e11a4a9813ad713cb98b9,
    type: 3}
  m_PrefabInstance: {fileID: 1377421913257827963}
  m_PrefabAsset: {fileID: 0}
--- !u!1001 &1383608216103792271
PrefabInstance:
  m_ObjectHideFlags: 0
  serializedVersion: 2
  m_Modification:
    m_TransformParent: {fileID: 1383608217036446212}
    m_Modifications:
    - target: {fileID: 59466530567707859, guid: cebd1997dd98a044284967fa407263b7,
        type: 3}
      propertyPath: m_RootOrder
      value: 3
      objectReference: {fileID: 0}
    - target: {fileID: 59466530567707859, guid: cebd1997dd98a044284967fa407263b7,
        type: 3}
      propertyPath: m_LocalScale.x
      value: 1.9972655
      objectReference: {fileID: 0}
    - target: {fileID: 59466530567707859, guid: cebd1997dd98a044284967fa407263b7,
        type: 3}
      propertyPath: m_LocalScale.y
      value: 1.9972652
      objectReference: {fileID: 0}
    - target: {fileID: 59466530567707859, guid: cebd1997dd98a044284967fa407263b7,
        type: 3}
      propertyPath: m_LocalScale.z
      value: 1.9972652
      objectReference: {fileID: 0}
    - target: {fileID: 59466530567707859, guid: cebd1997dd98a044284967fa407263b7,
        type: 3}
      propertyPath: m_LocalPosition.x
      value: -4.25
      objectReference: {fileID: 0}
    - target: {fileID: 59466530567707859, guid: cebd1997dd98a044284967fa407263b7,
        type: 3}
      propertyPath: m_LocalPosition.y
      value: 7.45
      objectReference: {fileID: 0}
    - target: {fileID: 59466530567707859, guid: cebd1997dd98a044284967fa407263b7,
        type: 3}
      propertyPath: m_LocalPosition.z
      value: 1.87
      objectReference: {fileID: 0}
    - target: {fileID: 59466530567707859, guid: cebd1997dd98a044284967fa407263b7,
        type: 3}
      propertyPath: m_LocalRotation.w
      value: 0.9997908
      objectReference: {fileID: 0}
    - target: {fileID: 59466530567707859, guid: cebd1997dd98a044284967fa407263b7,
        type: 3}
      propertyPath: m_LocalRotation.x
      value: -0.020454258
      objectReference: {fileID: 0}
    - target: {fileID: 59466530567707859, guid: cebd1997dd98a044284967fa407263b7,
        type: 3}
      propertyPath: m_LocalRotation.y
      value: 0
      objectReference: {fileID: 0}
    - target: {fileID: 59466530567707859, guid: cebd1997dd98a044284967fa407263b7,
        type: 3}
      propertyPath: m_LocalRotation.z
      value: -0
      objectReference: {fileID: 0}
    - target: {fileID: 59466530567707859, guid: cebd1997dd98a044284967fa407263b7,
        type: 3}
      propertyPath: m_LocalEulerAnglesHint.x
      value: 0
      objectReference: {fileID: 0}
    - target: {fileID: 59466530567707859, guid: cebd1997dd98a044284967fa407263b7,
        type: 3}
      propertyPath: m_LocalEulerAnglesHint.y
      value: 0
      objectReference: {fileID: 0}
    - target: {fileID: 59466530567707859, guid: cebd1997dd98a044284967fa407263b7,
        type: 3}
      propertyPath: m_LocalEulerAnglesHint.z
      value: 0
      objectReference: {fileID: 0}
    - target: {fileID: 835581360745940585, guid: cebd1997dd98a044284967fa407263b7,
        type: 3}
      propertyPath: m_Name
      value: L4_Rock_02 (2)
      objectReference: {fileID: 0}
    m_RemovedComponents: []
  m_SourcePrefab: {fileID: 100100000, guid: cebd1997dd98a044284967fa407263b7, type: 3}
--- !u!4 &1432377954392797788 stripped
Transform:
  m_CorrespondingSourceObject: {fileID: 59466530567707859, guid: cebd1997dd98a044284967fa407263b7,
    type: 3}
  m_PrefabInstance: {fileID: 1383608216103792271}
  m_PrefabAsset: {fileID: 0}
--- !u!1001 &1383608216213231267
PrefabInstance:
  m_ObjectHideFlags: 0
  serializedVersion: 2
  m_Modification:
    m_TransformParent: {fileID: 1383608217036446212}
    m_Modifications:
    - target: {fileID: 59466530567707859, guid: be9cccfaa73e11a4a9813ad713cb98b9,
        type: 3}
      propertyPath: m_RootOrder
      value: 7
      objectReference: {fileID: 0}
    - target: {fileID: 59466530567707859, guid: be9cccfaa73e11a4a9813ad713cb98b9,
        type: 3}
      propertyPath: m_LocalScale.x
      value: 1.1832724
      objectReference: {fileID: 0}
    - target: {fileID: 59466530567707859, guid: be9cccfaa73e11a4a9813ad713cb98b9,
        type: 3}
      propertyPath: m_LocalScale.y
      value: 1.1832724
      objectReference: {fileID: 0}
    - target: {fileID: 59466530567707859, guid: be9cccfaa73e11a4a9813ad713cb98b9,
        type: 3}
      propertyPath: m_LocalScale.z
      value: 1.1832721
      objectReference: {fileID: 0}
    - target: {fileID: 59466530567707859, guid: be9cccfaa73e11a4a9813ad713cb98b9,
        type: 3}
      propertyPath: m_LocalPosition.x
      value: -2.49
      objectReference: {fileID: 0}
    - target: {fileID: 59466530567707859, guid: be9cccfaa73e11a4a9813ad713cb98b9,
        type: 3}
      propertyPath: m_LocalPosition.y
      value: 7.63
      objectReference: {fileID: 0}
    - target: {fileID: 59466530567707859, guid: be9cccfaa73e11a4a9813ad713cb98b9,
        type: 3}
      propertyPath: m_LocalPosition.z
      value: -2.49
      objectReference: {fileID: 0}
    - target: {fileID: 59466530567707859, guid: be9cccfaa73e11a4a9813ad713cb98b9,
        type: 3}
      propertyPath: m_LocalRotation.w
      value: 0.9907188
      objectReference: {fileID: 0}
    - target: {fileID: 59466530567707859, guid: be9cccfaa73e11a4a9813ad713cb98b9,
        type: 3}
      propertyPath: m_LocalRotation.x
      value: 0.13484731
      objectReference: {fileID: 0}
    - target: {fileID: 59466530567707859, guid: be9cccfaa73e11a4a9813ad713cb98b9,
        type: 3}
      propertyPath: m_LocalRotation.y
      value: -0.0069839815
      objectReference: {fileID: 0}
    - target: {fileID: 59466530567707859, guid: be9cccfaa73e11a4a9813ad713cb98b9,
        type: 3}
      propertyPath: m_LocalRotation.z
      value: -0.015613267
      objectReference: {fileID: 0}
    - target: {fileID: 59466530567707859, guid: be9cccfaa73e11a4a9813ad713cb98b9,
        type: 3}
      propertyPath: m_LocalEulerAnglesHint.x
      value: 15.484
      objectReference: {fileID: 0}
    - target: {fileID: 59466530567707859, guid: be9cccfaa73e11a4a9813ad713cb98b9,
        type: 3}
      propertyPath: m_LocalEulerAnglesHint.y
      value: -1.073
      objectReference: {fileID: 0}
    - target: {fileID: 59466530567707859, guid: be9cccfaa73e11a4a9813ad713cb98b9,
        type: 3}
      propertyPath: m_LocalEulerAnglesHint.z
      value: -1.952
      objectReference: {fileID: 0}
    - target: {fileID: 835581360745940585, guid: be9cccfaa73e11a4a9813ad713cb98b9,
        type: 3}
      propertyPath: m_Name
      value: L4_Rock_06 (2)
      objectReference: {fileID: 0}
    m_RemovedComponents: []
  m_SourcePrefab: {fileID: 100100000, guid: be9cccfaa73e11a4a9813ad713cb98b9, type: 3}
--- !u!4 &1432377954552302192 stripped
Transform:
  m_CorrespondingSourceObject: {fileID: 59466530567707859, guid: be9cccfaa73e11a4a9813ad713cb98b9,
    type: 3}
  m_PrefabInstance: {fileID: 1383608216213231267}
  m_PrefabAsset: {fileID: 0}
--- !u!1001 &1383608216797451241
PrefabInstance:
  m_ObjectHideFlags: 0
  serializedVersion: 2
  m_Modification:
    m_TransformParent: {fileID: 1383608217036446212}
    m_Modifications:
    - target: {fileID: 59466530567707859, guid: 177cc8a6352d7a744bbd8384d27169f6,
        type: 3}
      propertyPath: m_RootOrder
      value: 0
      objectReference: {fileID: 0}
    - target: {fileID: 59466530567707859, guid: 177cc8a6352d7a744bbd8384d27169f6,
        type: 3}
      propertyPath: m_LocalScale.x
      value: 0.86193997
      objectReference: {fileID: 0}
    - target: {fileID: 59466530567707859, guid: 177cc8a6352d7a744bbd8384d27169f6,
        type: 3}
      propertyPath: m_LocalScale.y
      value: 0.86193985
      objectReference: {fileID: 0}
    - target: {fileID: 59466530567707859, guid: 177cc8a6352d7a744bbd8384d27169f6,
        type: 3}
      propertyPath: m_LocalScale.z
      value: 0.86193985
      objectReference: {fileID: 0}
    - target: {fileID: 59466530567707859, guid: 177cc8a6352d7a744bbd8384d27169f6,
        type: 3}
      propertyPath: m_LocalPosition.x
      value: -2.75
      objectReference: {fileID: 0}
    - target: {fileID: 59466530567707859, guid: 177cc8a6352d7a744bbd8384d27169f6,
        type: 3}
      propertyPath: m_LocalPosition.y
      value: 9.18
      objectReference: {fileID: 0}
    - target: {fileID: 59466530567707859, guid: 177cc8a6352d7a744bbd8384d27169f6,
        type: 3}
      propertyPath: m_LocalPosition.z
      value: 4.04
      objectReference: {fileID: 0}
    - target: {fileID: 59466530567707859, guid: 177cc8a6352d7a744bbd8384d27169f6,
        type: 3}
      propertyPath: m_LocalRotation.w
      value: 0.9997908
      objectReference: {fileID: 0}
    - target: {fileID: 59466530567707859, guid: 177cc8a6352d7a744bbd8384d27169f6,
        type: 3}
      propertyPath: m_LocalRotation.x
      value: -0.020454258
      objectReference: {fileID: 0}
    - target: {fileID: 59466530567707859, guid: 177cc8a6352d7a744bbd8384d27169f6,
        type: 3}
      propertyPath: m_LocalRotation.y
      value: 0
      objectReference: {fileID: 0}
    - target: {fileID: 59466530567707859, guid: 177cc8a6352d7a744bbd8384d27169f6,
        type: 3}
      propertyPath: m_LocalRotation.z
      value: -0
      objectReference: {fileID: 0}
    - target: {fileID: 59466530567707859, guid: 177cc8a6352d7a744bbd8384d27169f6,
        type: 3}
      propertyPath: m_LocalEulerAnglesHint.x
      value: 0
      objectReference: {fileID: 0}
    - target: {fileID: 59466530567707859, guid: 177cc8a6352d7a744bbd8384d27169f6,
        type: 3}
      propertyPath: m_LocalEulerAnglesHint.y
      value: 0
      objectReference: {fileID: 0}
    - target: {fileID: 59466530567707859, guid: 177cc8a6352d7a744bbd8384d27169f6,
        type: 3}
      propertyPath: m_LocalEulerAnglesHint.z
      value: 0
      objectReference: {fileID: 0}
    - target: {fileID: 835581360745940585, guid: 177cc8a6352d7a744bbd8384d27169f6,
        type: 3}
      propertyPath: m_Name
      value: L4_Rock_04 (1)
      objectReference: {fileID: 0}
    m_RemovedComponents: []
  m_SourcePrefab: {fileID: 100100000, guid: 177cc8a6352d7a744bbd8384d27169f6, type: 3}
--- !u!4 &1432377955002437434 stripped
Transform:
  m_CorrespondingSourceObject: {fileID: 59466530567707859, guid: 177cc8a6352d7a744bbd8384d27169f6,
    type: 3}
  m_PrefabInstance: {fileID: 1383608216797451241}
  m_PrefabAsset: {fileID: 0}
--- !u!1001 &1383608217024919310
PrefabInstance:
  m_ObjectHideFlags: 0
  serializedVersion: 2
  m_Modification:
    m_TransformParent: {fileID: 1383608217036446212}
    m_Modifications:
    - target: {fileID: 59466530567707859, guid: 6a9e9116f4f80c140a3ce02f601ebaf6,
        type: 3}
      propertyPath: m_RootOrder
      value: 5
      objectReference: {fileID: 0}
    - target: {fileID: 59466530567707859, guid: 6a9e9116f4f80c140a3ce02f601ebaf6,
        type: 3}
      propertyPath: m_LocalScale.x
      value: 1.436609
      objectReference: {fileID: 0}
    - target: {fileID: 59466530567707859, guid: 6a9e9116f4f80c140a3ce02f601ebaf6,
        type: 3}
      propertyPath: m_LocalScale.y
      value: 1.4366088
      objectReference: {fileID: 0}
    - target: {fileID: 59466530567707859, guid: 6a9e9116f4f80c140a3ce02f601ebaf6,
        type: 3}
      propertyPath: m_LocalScale.z
      value: 1.4366088
      objectReference: {fileID: 0}
    - target: {fileID: 59466530567707859, guid: 6a9e9116f4f80c140a3ce02f601ebaf6,
        type: 3}
      propertyPath: m_LocalPosition.x
      value: -1.41
      objectReference: {fileID: 0}
    - target: {fileID: 59466530567707859, guid: 6a9e9116f4f80c140a3ce02f601ebaf6,
        type: 3}
      propertyPath: m_LocalPosition.y
      value: 13.44
      objectReference: {fileID: 0}
    - target: {fileID: 59466530567707859, guid: 6a9e9116f4f80c140a3ce02f601ebaf6,
        type: 3}
      propertyPath: m_LocalPosition.z
      value: 2.54
      objectReference: {fileID: 0}
    - target: {fileID: 59466530567707859, guid: 6a9e9116f4f80c140a3ce02f601ebaf6,
        type: 3}
      propertyPath: m_LocalRotation.w
      value: 0.9997908
      objectReference: {fileID: 0}
    - target: {fileID: 59466530567707859, guid: 6a9e9116f4f80c140a3ce02f601ebaf6,
        type: 3}
      propertyPath: m_LocalRotation.x
      value: -0.020454258
      objectReference: {fileID: 0}
    - target: {fileID: 59466530567707859, guid: 6a9e9116f4f80c140a3ce02f601ebaf6,
        type: 3}
      propertyPath: m_LocalRotation.y
      value: 0
      objectReference: {fileID: 0}
    - target: {fileID: 59466530567707859, guid: 6a9e9116f4f80c140a3ce02f601ebaf6,
        type: 3}
      propertyPath: m_LocalRotation.z
      value: -0
      objectReference: {fileID: 0}
    - target: {fileID: 59466530567707859, guid: 6a9e9116f4f80c140a3ce02f601ebaf6,
        type: 3}
      propertyPath: m_LocalEulerAnglesHint.x
      value: 0
      objectReference: {fileID: 0}
    - target: {fileID: 59466530567707859, guid: 6a9e9116f4f80c140a3ce02f601ebaf6,
        type: 3}
      propertyPath: m_LocalEulerAnglesHint.y
      value: 0
      objectReference: {fileID: 0}
    - target: {fileID: 59466530567707859, guid: 6a9e9116f4f80c140a3ce02f601ebaf6,
        type: 3}
      propertyPath: m_LocalEulerAnglesHint.z
      value: 0
      objectReference: {fileID: 0}
    - target: {fileID: 835581360745940585, guid: 6a9e9116f4f80c140a3ce02f601ebaf6,
        type: 3}
      propertyPath: m_Name
      value: L4_Rock_01 (3)
      objectReference: {fileID: 0}
    m_RemovedComponents: []
  m_SourcePrefab: {fileID: 100100000, guid: 6a9e9116f4f80c140a3ce02f601ebaf6, type: 3}
--- !u!4 &1432377954777148381 stripped
Transform:
  m_CorrespondingSourceObject: {fileID: 59466530567707859, guid: 6a9e9116f4f80c140a3ce02f601ebaf6,
    type: 3}
  m_PrefabInstance: {fileID: 1383608217024919310}
  m_PrefabAsset: {fileID: 0}
--- !u!1001 &1383608217437433111
PrefabInstance:
  m_ObjectHideFlags: 0
  serializedVersion: 2
  m_Modification:
    m_TransformParent: {fileID: 1383608217036446212}
    m_Modifications:
    - target: {fileID: 59466530567707859, guid: 8f62f0e29e9ff524f9a7ef931925343c,
        type: 3}
      propertyPath: m_RootOrder
      value: 2
      objectReference: {fileID: 0}
    - target: {fileID: 59466530567707859, guid: 8f62f0e29e9ff524f9a7ef931925343c,
        type: 3}
      propertyPath: m_LocalScale.x
      value: 0.75935304
      objectReference: {fileID: 0}
    - target: {fileID: 59466530567707859, guid: 8f62f0e29e9ff524f9a7ef931925343c,
        type: 3}
      propertyPath: m_LocalScale.y
      value: 0.759353
      objectReference: {fileID: 0}
    - target: {fileID: 59466530567707859, guid: 8f62f0e29e9ff524f9a7ef931925343c,
        type: 3}
      propertyPath: m_LocalScale.z
      value: 0.75935304
      objectReference: {fileID: 0}
    - target: {fileID: 59466530567707859, guid: 8f62f0e29e9ff524f9a7ef931925343c,
        type: 3}
      propertyPath: m_LocalPosition.x
      value: -4.55
      objectReference: {fileID: 0}
    - target: {fileID: 59466530567707859, guid: 8f62f0e29e9ff524f9a7ef931925343c,
        type: 3}
      propertyPath: m_LocalPosition.y
      value: 7.39
      objectReference: {fileID: 0}
    - target: {fileID: 59466530567707859, guid: 8f62f0e29e9ff524f9a7ef931925343c,
        type: 3}
      propertyPath: m_LocalPosition.z
      value: -1.8
      objectReference: {fileID: 0}
    - target: {fileID: 59466530567707859, guid: 8f62f0e29e9ff524f9a7ef931925343c,
        type: 3}
      propertyPath: m_LocalRotation.w
      value: -0.041803107
      objectReference: {fileID: 0}
    - target: {fileID: 59466530567707859, guid: 8f62f0e29e9ff524f9a7ef931925343c,
        type: 3}
      propertyPath: m_LocalRotation.x
      value: 0.3091646
      objectReference: {fileID: 0}
    - target: {fileID: 59466530567707859, guid: 8f62f0e29e9ff524f9a7ef931925343c,
        type: 3}
      propertyPath: m_LocalRotation.y
      value: 0.060250387
      objectReference: {fileID: 0}
    - target: {fileID: 59466530567707859, guid: 8f62f0e29e9ff524f9a7ef931925343c,
        type: 3}
      propertyPath: m_LocalRotation.z
      value: -0.94817704
      objectReference: {fileID: 0}
    - target: {fileID: 59466530567707859, guid: 8f62f0e29e9ff524f9a7ef931925343c,
        type: 3}
      propertyPath: m_LocalEulerAnglesHint.x
      value: 6.957
      objectReference: {fileID: 0}
    - target: {fileID: 59466530567707859, guid: 8f62f0e29e9ff524f9a7ef931925343c,
        type: 3}
      propertyPath: m_LocalEulerAnglesHint.y
      value: -36.563
      objectReference: {fileID: 0}
    - target: {fileID: 59466530567707859, guid: 8f62f0e29e9ff524f9a7ef931925343c,
        type: 3}
      propertyPath: m_LocalEulerAnglesHint.z
      value: -188.12
      objectReference: {fileID: 0}
    - target: {fileID: 835581360745940585, guid: 8f62f0e29e9ff524f9a7ef931925343c,
        type: 3}
      propertyPath: m_Name
      value: L4_Rock_07 (2)
      objectReference: {fileID: 0}
    m_RemovedComponents: []
  m_SourcePrefab: {fileID: 100100000, guid: 8f62f0e29e9ff524f9a7ef931925343c, type: 3}
--- !u!4 &1432377955172495812 stripped
Transform:
  m_CorrespondingSourceObject: {fileID: 59466530567707859, guid: 8f62f0e29e9ff524f9a7ef931925343c,
    type: 3}
  m_PrefabInstance: {fileID: 1383608217437433111}
  m_PrefabAsset: {fileID: 0}
--- !u!1001 &1383608217486208737
PrefabInstance:
  m_ObjectHideFlags: 0
  serializedVersion: 2
  m_Modification:
    m_TransformParent: {fileID: 1383608217036446212}
    m_Modifications:
    - target: {fileID: 59466530567707859, guid: be9cccfaa73e11a4a9813ad713cb98b9,
        type: 3}
      propertyPath: m_RootOrder
      value: 1
      objectReference: {fileID: 0}
    - target: {fileID: 59466530567707859, guid: be9cccfaa73e11a4a9813ad713cb98b9,
        type: 3}
      propertyPath: m_LocalScale.x
      value: 1.3268256
      objectReference: {fileID: 0}
    - target: {fileID: 59466530567707859, guid: be9cccfaa73e11a4a9813ad713cb98b9,
        type: 3}
      propertyPath: m_LocalScale.y
      value: 1.3268256
      objectReference: {fileID: 0}
    - target: {fileID: 59466530567707859, guid: be9cccfaa73e11a4a9813ad713cb98b9,
        type: 3}
      propertyPath: m_LocalScale.z
      value: 1.3268256
      objectReference: {fileID: 0}
    - target: {fileID: 59466530567707859, guid: be9cccfaa73e11a4a9813ad713cb98b9,
        type: 3}
      propertyPath: m_LocalPosition.x
      value: -0.45
      objectReference: {fileID: 0}
    - target: {fileID: 59466530567707859, guid: be9cccfaa73e11a4a9813ad713cb98b9,
        type: 3}
      propertyPath: m_LocalPosition.y
      value: 8.23
      objectReference: {fileID: 0}
    - target: {fileID: 59466530567707859, guid: be9cccfaa73e11a4a9813ad713cb98b9,
        type: 3}
      propertyPath: m_LocalPosition.z
      value: 3.36
      objectReference: {fileID: 0}
    - target: {fileID: 59466530567707859, guid: be9cccfaa73e11a4a9813ad713cb98b9,
        type: 3}
      propertyPath: m_LocalRotation.w
      value: 0.46376666
      objectReference: {fileID: 0}
    - target: {fileID: 59466530567707859, guid: be9cccfaa73e11a4a9813ad713cb98b9,
        type: 3}
      propertyPath: m_LocalRotation.x
      value: 0.050337464
      objectReference: {fileID: 0}
    - target: {fileID: 59466530567707859, guid: be9cccfaa73e11a4a9813ad713cb98b9,
        type: 3}
      propertyPath: m_LocalRotation.y
      value: -0.88402206
      objectReference: {fileID: 0}
    - target: {fileID: 59466530567707859, guid: be9cccfaa73e11a4a9813ad713cb98b9,
        type: 3}
      propertyPath: m_LocalRotation.z
      value: -0.029862499
      objectReference: {fileID: 0}
    - target: {fileID: 59466530567707859, guid: be9cccfaa73e11a4a9813ad713cb98b9,
        type: 3}
      propertyPath: m_LocalEulerAnglesHint.x
      value: -0.35
      objectReference: {fileID: 0}
    - target: {fileID: 59466530567707859, guid: be9cccfaa73e11a4a9813ad713cb98b9,
        type: 3}
      propertyPath: m_LocalEulerAnglesHint.y
      value: -124.616
      objectReference: {fileID: 0}
    - target: {fileID: 59466530567707859, guid: be9cccfaa73e11a4a9813ad713cb98b9,
        type: 3}
      propertyPath: m_LocalEulerAnglesHint.z
      value: -6.702
      objectReference: {fileID: 0}
    - target: {fileID: 835581360745940585, guid: be9cccfaa73e11a4a9813ad713cb98b9,
        type: 3}
      propertyPath: m_Name
      value: L4_Rock_06 (3)
      objectReference: {fileID: 0}
    m_RemovedComponents: []
  m_SourcePrefab: {fileID: 100100000, guid: be9cccfaa73e11a4a9813ad713cb98b9, type: 3}
--- !u!4 &1432377955154194994 stripped
Transform:
  m_CorrespondingSourceObject: {fileID: 59466530567707859, guid: be9cccfaa73e11a4a9813ad713cb98b9,
    type: 3}
  m_PrefabInstance: {fileID: 1383608217486208737}
  m_PrefabAsset: {fileID: 0}
--- !u!1001 &1383608217955288877
PrefabInstance:
  m_ObjectHideFlags: 0
  serializedVersion: 2
  m_Modification:
    m_TransformParent: {fileID: 1383608217036446212}
    m_Modifications:
    - target: {fileID: 59466530567707859, guid: 8f62f0e29e9ff524f9a7ef931925343c,
        type: 3}
      propertyPath: m_RootOrder
      value: 6
      objectReference: {fileID: 0}
    - target: {fileID: 59466530567707859, guid: 8f62f0e29e9ff524f9a7ef931925343c,
        type: 3}
      propertyPath: m_LocalScale.x
      value: 1
      objectReference: {fileID: 0}
    - target: {fileID: 59466530567707859, guid: 8f62f0e29e9ff524f9a7ef931925343c,
        type: 3}
      propertyPath: m_LocalScale.y
      value: 1
      objectReference: {fileID: 0}
    - target: {fileID: 59466530567707859, guid: 8f62f0e29e9ff524f9a7ef931925343c,
        type: 3}
      propertyPath: m_LocalScale.z
      value: 1
      objectReference: {fileID: 0}
    - target: {fileID: 59466530567707859, guid: 8f62f0e29e9ff524f9a7ef931925343c,
        type: 3}
      propertyPath: m_LocalPosition.x
      value: -0.27
      objectReference: {fileID: 0}
    - target: {fileID: 59466530567707859, guid: 8f62f0e29e9ff524f9a7ef931925343c,
        type: 3}
      propertyPath: m_LocalPosition.y
      value: 7.16
      objectReference: {fileID: 0}
    - target: {fileID: 59466530567707859, guid: 8f62f0e29e9ff524f9a7ef931925343c,
        type: 3}
      propertyPath: m_LocalPosition.z
      value: 1.7
      objectReference: {fileID: 0}
    - target: {fileID: 59466530567707859, guid: 8f62f0e29e9ff524f9a7ef931925343c,
        type: 3}
      propertyPath: m_LocalRotation.w
      value: 0.999847
      objectReference: {fileID: 0}
    - target: {fileID: 59466530567707859, guid: 8f62f0e29e9ff524f9a7ef931925343c,
        type: 3}
      propertyPath: m_LocalRotation.x
      value: 0.017495379
      objectReference: {fileID: 0}
    - target: {fileID: 59466530567707859, guid: 8f62f0e29e9ff524f9a7ef931925343c,
        type: 3}
      propertyPath: m_LocalRotation.y
      value: 0.000044837594
      objectReference: {fileID: 0}
    - target: {fileID: 59466530567707859, guid: 8f62f0e29e9ff524f9a7ef931925343c,
        type: 3}
      propertyPath: m_LocalRotation.z
      value: 0.000112016685
      objectReference: {fileID: 0}
    - target: {fileID: 59466530567707859, guid: 8f62f0e29e9ff524f9a7ef931925343c,
        type: 3}
      propertyPath: m_LocalEulerAnglesHint.x
      value: 2.005
      objectReference: {fileID: 0}
    - target: {fileID: 59466530567707859, guid: 8f62f0e29e9ff524f9a7ef931925343c,
        type: 3}
      propertyPath: m_LocalEulerAnglesHint.y
      value: 0.005
      objectReference: {fileID: 0}
    - target: {fileID: 59466530567707859, guid: 8f62f0e29e9ff524f9a7ef931925343c,
        type: 3}
      propertyPath: m_LocalEulerAnglesHint.z
      value: 0.013
      objectReference: {fileID: 0}
    - target: {fileID: 835581360745940585, guid: 8f62f0e29e9ff524f9a7ef931925343c,
        type: 3}
      propertyPath: m_Name
      value: L4_Rock_07 (1)
      objectReference: {fileID: 0}
    m_RemovedComponents: []
  m_SourcePrefab: {fileID: 100100000, guid: 8f62f0e29e9ff524f9a7ef931925343c, type: 3}
--- !u!4 &1432377955757726718 stripped
Transform:
  m_CorrespondingSourceObject: {fileID: 59466530567707859, guid: 8f62f0e29e9ff524f9a7ef931925343c,
    type: 3}
  m_PrefabInstance: {fileID: 1383608217955288877}
  m_PrefabAsset: {fileID: 0}
--- !u!1001 &1383608218067101147
PrefabInstance:
  m_ObjectHideFlags: 0
  serializedVersion: 2
  m_Modification:
    m_TransformParent: {fileID: 1383608217036446212}
    m_Modifications:
    - target: {fileID: 59466530567707859, guid: 588581d8bbdbe6c43b1ce6f1fb1f0575,
        type: 3}
      propertyPath: m_RootOrder
      value: 4
      objectReference: {fileID: 0}
    - target: {fileID: 59466530567707859, guid: 588581d8bbdbe6c43b1ce6f1fb1f0575,
        type: 3}
      propertyPath: m_LocalScale.x
      value: 2.5218003
      objectReference: {fileID: 0}
    - target: {fileID: 59466530567707859, guid: 588581d8bbdbe6c43b1ce6f1fb1f0575,
        type: 3}
      propertyPath: m_LocalScale.y
      value: 2.5218
      objectReference: {fileID: 0}
    - target: {fileID: 59466530567707859, guid: 588581d8bbdbe6c43b1ce6f1fb1f0575,
        type: 3}
      propertyPath: m_LocalScale.z
      value: 2.5218
      objectReference: {fileID: 0}
    - target: {fileID: 59466530567707859, guid: 588581d8bbdbe6c43b1ce6f1fb1f0575,
        type: 3}
      propertyPath: m_LocalPosition.x
      value: -2.53
      objectReference: {fileID: 0}
    - target: {fileID: 59466530567707859, guid: 588581d8bbdbe6c43b1ce6f1fb1f0575,
        type: 3}
      propertyPath: m_LocalPosition.y
      value: 11.9
      objectReference: {fileID: 0}
    - target: {fileID: 59466530567707859, guid: 588581d8bbdbe6c43b1ce6f1fb1f0575,
        type: 3}
      propertyPath: m_LocalPosition.z
      value: 1.2
      objectReference: {fileID: 0}
    - target: {fileID: 59466530567707859, guid: 588581d8bbdbe6c43b1ce6f1fb1f0575,
        type: 3}
      propertyPath: m_LocalRotation.w
      value: 0.9997908
      objectReference: {fileID: 0}
    - target: {fileID: 59466530567707859, guid: 588581d8bbdbe6c43b1ce6f1fb1f0575,
        type: 3}
      propertyPath: m_LocalRotation.x
      value: -0.020454258
      objectReference: {fileID: 0}
    - target: {fileID: 59466530567707859, guid: 588581d8bbdbe6c43b1ce6f1fb1f0575,
        type: 3}
      propertyPath: m_LocalRotation.y
      value: 0
      objectReference: {fileID: 0}
    - target: {fileID: 59466530567707859, guid: 588581d8bbdbe6c43b1ce6f1fb1f0575,
        type: 3}
      propertyPath: m_LocalRotation.z
      value: -0
      objectReference: {fileID: 0}
    - target: {fileID: 59466530567707859, guid: 588581d8bbdbe6c43b1ce6f1fb1f0575,
        type: 3}
      propertyPath: m_LocalEulerAnglesHint.x
      value: 0
      objectReference: {fileID: 0}
    - target: {fileID: 59466530567707859, guid: 588581d8bbdbe6c43b1ce6f1fb1f0575,
        type: 3}
      propertyPath: m_LocalEulerAnglesHint.y
      value: 0
      objectReference: {fileID: 0}
    - target: {fileID: 59466530567707859, guid: 588581d8bbdbe6c43b1ce6f1fb1f0575,
        type: 3}
      propertyPath: m_LocalEulerAnglesHint.z
      value: 0
      objectReference: {fileID: 0}
    - target: {fileID: 835581360745940585, guid: 588581d8bbdbe6c43b1ce6f1fb1f0575,
        type: 3}
      propertyPath: m_Name
      value: L4_Rock_03 (2)
      objectReference: {fileID: 0}
    m_RemovedComponents: []
  m_SourcePrefab: {fileID: 100100000, guid: 588581d8bbdbe6c43b1ce6f1fb1f0575, type: 3}
--- !u!4 &1432377955886053640 stripped
Transform:
  m_CorrespondingSourceObject: {fileID: 59466530567707859, guid: 588581d8bbdbe6c43b1ce6f1fb1f0575,
    type: 3}
  m_PrefabInstance: {fileID: 1383608218067101147}
  m_PrefabAsset: {fileID: 0}
--- !u!1001 &2000595187123802043
PrefabInstance:
  m_ObjectHideFlags: 0
  serializedVersion: 2
  m_Modification:
    m_TransformParent: {fileID: 1383608217036446212}
    m_Modifications:
    - target: {fileID: 59466530567707859, guid: 8f62f0e29e9ff524f9a7ef931925343c,
        type: 3}
      propertyPath: m_RootOrder
      value: 10
      objectReference: {fileID: 0}
    - target: {fileID: 59466530567707859, guid: 8f62f0e29e9ff524f9a7ef931925343c,
        type: 3}
      propertyPath: m_LocalScale.x
      value: 1.6046786
      objectReference: {fileID: 0}
    - target: {fileID: 59466530567707859, guid: 8f62f0e29e9ff524f9a7ef931925343c,
        type: 3}
      propertyPath: m_LocalScale.y
      value: 1.6046786
      objectReference: {fileID: 0}
    - target: {fileID: 59466530567707859, guid: 8f62f0e29e9ff524f9a7ef931925343c,
        type: 3}
      propertyPath: m_LocalScale.z
      value: 1.6046786
      objectReference: {fileID: 0}
    - target: {fileID: 59466530567707859, guid: 8f62f0e29e9ff524f9a7ef931925343c,
        type: 3}
      propertyPath: m_LocalPosition.x
      value: -0.56
      objectReference: {fileID: 0}
    - target: {fileID: 59466530567707859, guid: 8f62f0e29e9ff524f9a7ef931925343c,
        type: 3}
      propertyPath: m_LocalPosition.y
      value: -1.82
      objectReference: {fileID: 0}
    - target: {fileID: 59466530567707859, guid: 8f62f0e29e9ff524f9a7ef931925343c,
        type: 3}
      propertyPath: m_LocalPosition.z
      value: 3.58
      objectReference: {fileID: 0}
    - target: {fileID: 59466530567707859, guid: 8f62f0e29e9ff524f9a7ef931925343c,
        type: 3}
      propertyPath: m_LocalRotation.w
      value: -0.88387406
      objectReference: {fileID: 0}
    - target: {fileID: 59466530567707859, guid: 8f62f0e29e9ff524f9a7ef931925343c,
        type: 3}
      propertyPath: m_LocalRotation.x
      value: -0.027153697
      objectReference: {fileID: 0}
    - target: {fileID: 59466530567707859, guid: 8f62f0e29e9ff524f9a7ef931925343c,
        type: 3}
      propertyPath: m_LocalRotation.y
      value: 0.46370617
      objectReference: {fileID: 0}
    - target: {fileID: 59466530567707859, guid: 8f62f0e29e9ff524f9a7ef931925343c,
        type: 3}
      propertyPath: m_LocalRotation.z
      value: 0.05482749
      objectReference: {fileID: 0}
    - target: {fileID: 59466530567707859, guid: 8f62f0e29e9ff524f9a7ef931925343c,
        type: 3}
      propertyPath: m_LocalEulerAnglesHint.x
      value: -0.163
      objectReference: {fileID: 0}
    - target: {fileID: 59466530567707859, guid: 8f62f0e29e9ff524f9a7ef931925343c,
        type: 3}
      propertyPath: m_LocalEulerAnglesHint.y
      value: 304.644
      objectReference: {fileID: 0}
    - target: {fileID: 59466530567707859, guid: 8f62f0e29e9ff524f9a7ef931925343c,
        type: 3}
      propertyPath: m_LocalEulerAnglesHint.z
      value: -367.014
      objectReference: {fileID: 0}
    - target: {fileID: 835581360745940585, guid: 8f62f0e29e9ff524f9a7ef931925343c,
        type: 3}
      propertyPath: m_Name
      value: L4_Rock_07 (4)
      objectReference: {fileID: 0}
    m_RemovedComponents: []
  m_SourcePrefab: {fileID: 100100000, guid: 8f62f0e29e9ff524f9a7ef931925343c, type: 3}
--- !u!4 &1950285995116958568 stripped
Transform:
  m_CorrespondingSourceObject: {fileID: 59466530567707859, guid: 8f62f0e29e9ff524f9a7ef931925343c,
    type: 3}
  m_PrefabInstance: {fileID: 2000595187123802043}
  m_PrefabAsset: {fileID: 0}
--- !u!1001 &2450976561135697630
PrefabInstance:
  m_ObjectHideFlags: 0
  serializedVersion: 2
  m_Modification:
    m_TransformParent: {fileID: 1383608217036446212}
    m_Modifications:
    - target: {fileID: 59466530567707859, guid: 588581d8bbdbe6c43b1ce6f1fb1f0575,
        type: 3}
      propertyPath: m_RootOrder
      value: 12
      objectReference: {fileID: 0}
    - target: {fileID: 59466530567707859, guid: 588581d8bbdbe6c43b1ce6f1fb1f0575,
        type: 3}
      propertyPath: m_LocalScale.x
      value: 2.688114
      objectReference: {fileID: 0}
    - target: {fileID: 59466530567707859, guid: 588581d8bbdbe6c43b1ce6f1fb1f0575,
        type: 3}
      propertyPath: m_LocalScale.y
      value: 2.6881135
      objectReference: {fileID: 0}
    - target: {fileID: 59466530567707859, guid: 588581d8bbdbe6c43b1ce6f1fb1f0575,
        type: 3}
      propertyPath: m_LocalScale.z
      value: 2.6881135
      objectReference: {fileID: 0}
    - target: {fileID: 59466530567707859, guid: 588581d8bbdbe6c43b1ce6f1fb1f0575,
        type: 3}
      propertyPath: m_LocalPosition.x
      value: -7.22
      objectReference: {fileID: 0}
    - target: {fileID: 59466530567707859, guid: 588581d8bbdbe6c43b1ce6f1fb1f0575,
        type: 3}
      propertyPath: m_LocalPosition.y
      value: 1.28
      objectReference: {fileID: 0}
    - target: {fileID: 59466530567707859, guid: 588581d8bbdbe6c43b1ce6f1fb1f0575,
        type: 3}
      propertyPath: m_LocalPosition.z
      value: 2.02
      objectReference: {fileID: 0}
    - target: {fileID: 59466530567707859, guid: 588581d8bbdbe6c43b1ce6f1fb1f0575,
        type: 3}
      propertyPath: m_LocalRotation.w
      value: 0.0016622804
      objectReference: {fileID: 0}
    - target: {fileID: 59466530567707859, guid: 588581d8bbdbe6c43b1ce6f1fb1f0575,
        type: 3}
      propertyPath: m_LocalRotation.x
      value: 0.13530011
      objectReference: {fileID: 0}
    - target: {fileID: 59466530567707859, guid: 588581d8bbdbe6c43b1ce6f1fb1f0575,
        type: 3}
      propertyPath: m_LocalRotation.y
      value: 0.09489525
      objectReference: {fileID: 0}
    - target: {fileID: 59466530567707859, guid: 588581d8bbdbe6c43b1ce6f1fb1f0575,
        type: 3}
      propertyPath: m_LocalRotation.z
      value: -0.9862485
      objectReference: {fileID: 0}
    - target: {fileID: 59466530567707859, guid: 588581d8bbdbe6c43b1ce6f1fb1f0575,
        type: 3}
      propertyPath: m_LocalEulerAnglesHint.x
      value: -190.815
      objectReference: {fileID: 0}
    - target: {fileID: 59466530567707859, guid: 588581d8bbdbe6c43b1ce6f1fb1f0575,
        type: 3}
      propertyPath: m_LocalEulerAnglesHint.y
      value: -195.747
      objectReference: {fileID: 0}
    - target: {fileID: 59466530567707859, guid: 588581d8bbdbe6c43b1ce6f1fb1f0575,
        type: 3}
      propertyPath: m_LocalEulerAnglesHint.z
      value: -1.3070068
      objectReference: {fileID: 0}
    - target: {fileID: 835581360745940585, guid: 588581d8bbdbe6c43b1ce6f1fb1f0575,
        type: 3}
      propertyPath: m_Name
      value: L4_Rock_03 (3)
      objectReference: {fileID: 0}
    m_RemovedComponents: []
  m_SourcePrefab: {fileID: 100100000, guid: 588581d8bbdbe6c43b1ce6f1fb1f0575, type: 3}
--- !u!4 &2508745016051917325 stripped
Transform:
  m_CorrespondingSourceObject: {fileID: 59466530567707859, guid: 588581d8bbdbe6c43b1ce6f1fb1f0575,
    type: 3}
  m_PrefabInstance: {fileID: 2450976561135697630}
  m_PrefabAsset: {fileID: 0}
--- !u!1001 &3494899121785307601
PrefabInstance:
  m_ObjectHideFlags: 0
  serializedVersion: 2
  m_Modification:
    m_TransformParent: {fileID: 1383608217036446212}
    m_Modifications:
    - target: {fileID: 59466530567707859, guid: 177cc8a6352d7a744bbd8384d27169f6,
        type: 3}
      propertyPath: m_RootOrder
      value: 13
      objectReference: {fileID: 0}
    - target: {fileID: 59466530567707859, guid: 177cc8a6352d7a744bbd8384d27169f6,
        type: 3}
      propertyPath: m_LocalScale.x
      value: 1.509344
      objectReference: {fileID: 0}
    - target: {fileID: 59466530567707859, guid: 177cc8a6352d7a744bbd8384d27169f6,
        type: 3}
      propertyPath: m_LocalScale.y
      value: 1.5093436
      objectReference: {fileID: 0}
    - target: {fileID: 59466530567707859, guid: 177cc8a6352d7a744bbd8384d27169f6,
        type: 3}
      propertyPath: m_LocalScale.z
      value: 1.5093439
      objectReference: {fileID: 0}
    - target: {fileID: 59466530567707859, guid: 177cc8a6352d7a744bbd8384d27169f6,
        type: 3}
      propertyPath: m_LocalPosition.x
      value: -3.03
      objectReference: {fileID: 0}
    - target: {fileID: 59466530567707859, guid: 177cc8a6352d7a744bbd8384d27169f6,
        type: 3}
      propertyPath: m_LocalPosition.y
      value: 1.42
      objectReference: {fileID: 0}
    - target: {fileID: 59466530567707859, guid: 177cc8a6352d7a744bbd8384d27169f6,
        type: 3}
      propertyPath: m_LocalPosition.z
      value: -3.72
      objectReference: {fileID: 0}
    - target: {fileID: 59466530567707859, guid: 177cc8a6352d7a744bbd8384d27169f6,
        type: 3}
      propertyPath: m_LocalRotation.w
      value: 0.4923988
      objectReference: {fileID: 0}
    - target: {fileID: 59466530567707859, guid: 177cc8a6352d7a744bbd8384d27169f6,
        type: 3}
      propertyPath: m_LocalRotation.x
      value: 0.041594528
      objectReference: {fileID: 0}
    - target: {fileID: 59466530567707859, guid: 177cc8a6352d7a744bbd8384d27169f6,
        type: 3}
      propertyPath: m_LocalRotation.y
      value: 0.869027
      objectReference: {fileID: 0}
    - target: {fileID: 59466530567707859, guid: 177cc8a6352d7a744bbd8384d27169f6,
        type: 3}
      propertyPath: m_LocalRotation.z
      value: 0.024607524
      objectReference: {fileID: 0}
    - target: {fileID: 59466530567707859, guid: 177cc8a6352d7a744bbd8384d27169f6,
        type: 3}
      propertyPath: m_LocalEulerAnglesHint.x
      value: 2.508
      objectReference: {fileID: 0}
    - target: {fileID: 59466530567707859, guid: 177cc8a6352d7a744bbd8384d27169f6,
        type: 3}
      propertyPath: m_LocalEulerAnglesHint.y
      value: 121.199
      objectReference: {fileID: 0}
    - target: {fileID: 59466530567707859, guid: 177cc8a6352d7a744bbd8384d27169f6,
        type: 3}
      propertyPath: m_LocalEulerAnglesHint.z
      value: 1.518
      objectReference: {fileID: 0}
    - target: {fileID: 835581360745940585, guid: 177cc8a6352d7a744bbd8384d27169f6,
        type: 3}
      propertyPath: m_Name
      value: L4_Rock_04
      objectReference: {fileID: 0}
    m_RemovedComponents: []
  m_SourcePrefab: {fileID: 100100000, guid: 177cc8a6352d7a744bbd8384d27169f6, type: 3}
--- !u!4 &3482166805212290306 stripped
Transform:
  m_CorrespondingSourceObject: {fileID: 59466530567707859, guid: 177cc8a6352d7a744bbd8384d27169f6,
    type: 3}
  m_PrefabInstance: {fileID: 3494899121785307601}
  m_PrefabAsset: {fileID: 0}
--- !u!1001 &4150767546981097268
PrefabInstance:
  m_ObjectHideFlags: 0
  serializedVersion: 2
  m_Modification:
    m_TransformParent: {fileID: 1383608217036446212}
    m_Modifications:
    - target: {fileID: 59466530567707859, guid: 177cc8a6352d7a744bbd8384d27169f6,
        type: 3}
      propertyPath: m_RootOrder
      value: 14
      objectReference: {fileID: 0}
    - target: {fileID: 59466530567707859, guid: 177cc8a6352d7a744bbd8384d27169f6,
        type: 3}
      propertyPath: m_LocalScale.x
      value: 1.509344
      objectReference: {fileID: 0}
    - target: {fileID: 59466530567707859, guid: 177cc8a6352d7a744bbd8384d27169f6,
        type: 3}
      propertyPath: m_LocalScale.y
      value: 1.5093439
      objectReference: {fileID: 0}
    - target: {fileID: 59466530567707859, guid: 177cc8a6352d7a744bbd8384d27169f6,
        type: 3}
      propertyPath: m_LocalScale.z
      value: 1.5093442
      objectReference: {fileID: 0}
    - target: {fileID: 59466530567707859, guid: 177cc8a6352d7a744bbd8384d27169f6,
        type: 3}
      propertyPath: m_LocalPosition.x
      value: -6.32
      objectReference: {fileID: 0}
    - target: {fileID: 59466530567707859, guid: 177cc8a6352d7a744bbd8384d27169f6,
        type: 3}
      propertyPath: m_LocalPosition.y
      value: 1.29
      objectReference: {fileID: 0}
    - target: {fileID: 59466530567707859, guid: 177cc8a6352d7a744bbd8384d27169f6,
        type: 3}
      propertyPath: m_LocalPosition.z
      value: -2.23
      objectReference: {fileID: 0}
    - target: {fileID: 59466530567707859, guid: 177cc8a6352d7a744bbd8384d27169f6,
        type: 3}
      propertyPath: m_LocalRotation.w
      value: -0.20385332
      objectReference: {fileID: 0}
    - target: {fileID: 59466530567707859, guid: 177cc8a6352d7a744bbd8384d27169f6,
        type: 3}
      propertyPath: m_LocalRotation.x
      value: -0.0015337841
      objectReference: {fileID: 0}
    - target: {fileID: 59466530567707859, guid: 177cc8a6352d7a744bbd8384d27169f6,
        type: 3}
      propertyPath: m_LocalRotation.y
      value: 0.9788615
      objectReference: {fileID: 0}
    - target: {fileID: 59466530567707859, guid: 177cc8a6352d7a744bbd8384d27169f6,
        type: 3}
      propertyPath: m_LocalRotation.z
      value: 0.016481297
      objectReference: {fileID: 0}
    - target: {fileID: 59466530567707859, guid: 177cc8a6352d7a744bbd8384d27169f6,
        type: 3}
      propertyPath: m_LocalEulerAnglesHint.x
      value: 2.508
      objectReference: {fileID: 0}
    - target: {fileID: 59466530567707859, guid: 177cc8a6352d7a744bbd8384d27169f6,
        type: 3}
      propertyPath: m_LocalEulerAnglesHint.y
      value: 203.91
      objectReference: {fileID: 0}
    - target: {fileID: 59466530567707859, guid: 177cc8a6352d7a744bbd8384d27169f6,
        type: 3}
      propertyPath: m_LocalEulerAnglesHint.z
      value: 1.518
      objectReference: {fileID: 0}
    - target: {fileID: 835581360745940585, guid: 177cc8a6352d7a744bbd8384d27169f6,
        type: 3}
      propertyPath: m_Name
      value: L4_Rock_04 (1)
      objectReference: {fileID: 0}
    m_RemovedComponents: []
  m_SourcePrefab: {fileID: 100100000, guid: 177cc8a6352d7a744bbd8384d27169f6, type: 3}
--- !u!4 &4127893656755782631 stripped
Transform:
  m_CorrespondingSourceObject: {fileID: 59466530567707859, guid: 177cc8a6352d7a744bbd8384d27169f6,
    type: 3}
  m_PrefabInstance: {fileID: 4150767546981097268}
  m_PrefabAsset: {fileID: 0}
--- !u!1001 &4458524410034541345
PrefabInstance:
  m_ObjectHideFlags: 0
  serializedVersion: 2
  m_Modification:
    m_TransformParent: {fileID: 1383608217036446212}
    m_Modifications:
    - target: {fileID: 59466530567707859, guid: 8f62f0e29e9ff524f9a7ef931925343c,
        type: 3}
      propertyPath: m_RootOrder
      value: 8
      objectReference: {fileID: 0}
    - target: {fileID: 59466530567707859, guid: 8f62f0e29e9ff524f9a7ef931925343c,
        type: 3}
      propertyPath: m_LocalScale.x
      value: 1.1414
      objectReference: {fileID: 0}
    - target: {fileID: 59466530567707859, guid: 8f62f0e29e9ff524f9a7ef931925343c,
        type: 3}
      propertyPath: m_LocalScale.y
      value: 1.1414
      objectReference: {fileID: 0}
    - target: {fileID: 59466530567707859, guid: 8f62f0e29e9ff524f9a7ef931925343c,
        type: 3}
      propertyPath: m_LocalScale.z
      value: 1.1414
      objectReference: {fileID: 0}
    - target: {fileID: 59466530567707859, guid: 8f62f0e29e9ff524f9a7ef931925343c,
        type: 3}
      propertyPath: m_LocalPosition.x
      value: 0.67
      objectReference: {fileID: 0}
    - target: {fileID: 59466530567707859, guid: 8f62f0e29e9ff524f9a7ef931925343c,
        type: 3}
      propertyPath: m_LocalPosition.y
      value: 3.01
      objectReference: {fileID: 0}
    - target: {fileID: 59466530567707859, guid: 8f62f0e29e9ff524f9a7ef931925343c,
        type: 3}
      propertyPath: m_LocalPosition.z
      value: -0.77
      objectReference: {fileID: 0}
    - target: {fileID: 59466530567707859, guid: 8f62f0e29e9ff524f9a7ef931925343c,
        type: 3}
      propertyPath: m_LocalRotation.w
      value: -0.11309953
      objectReference: {fileID: 0}
    - target: {fileID: 59466530567707859, guid: 8f62f0e29e9ff524f9a7ef931925343c,
        type: 3}
      propertyPath: m_LocalRotation.x
      value: 0.0030687137
      objectReference: {fileID: 0}
    - target: {fileID: 59466530567707859, guid: 8f62f0e29e9ff524f9a7ef931925343c,
        type: 3}
      propertyPath: m_LocalRotation.y
      value: -0.990108
      objectReference: {fileID: 0}
    - target: {fileID: 59466530567707859, guid: 8f62f0e29e9ff524f9a7ef931925343c,
        type: 3}
      propertyPath: m_LocalRotation.z
      value: -0.08297732
      objectReference: {fileID: 0}
    - target: {fileID: 59466530567707859, guid: 8f62f0e29e9ff524f9a7ef931925343c,
        type: 3}
      propertyPath: m_LocalEulerAnglesHint.x
      value: -9.498
      objectReference: {fileID: 0}
    - target: {fileID: 59466530567707859, guid: 8f62f0e29e9ff524f9a7ef931925343c,
        type: 3}
      propertyPath: m_LocalEulerAnglesHint.y
      value: -193.094
      objectReference: {fileID: 0}
    - target: {fileID: 59466530567707859, guid: 8f62f0e29e9ff524f9a7ef931925343c,
        type: 3}
      propertyPath: m_LocalEulerAnglesHint.z
      value: 0.737
      objectReference: {fileID: 0}
    - target: {fileID: 835581360745940585, guid: 8f62f0e29e9ff524f9a7ef931925343c,
        type: 3}
      propertyPath: m_Name
      value: L4_Rock_07 (3)
      objectReference: {fileID: 0}
    m_RemovedComponents: []
  m_SourcePrefab: {fileID: 100100000, guid: 8f62f0e29e9ff524f9a7ef931925343c, type: 3}
--- !u!4 &4399058245210542066 stripped
Transform:
  m_CorrespondingSourceObject: {fileID: 59466530567707859, guid: 8f62f0e29e9ff524f9a7ef931925343c,
    type: 3}
  m_PrefabInstance: {fileID: 4458524410034541345}
  m_PrefabAsset: {fileID: 0}
--- !u!1001 &6907099321665966230
PrefabInstance:
  m_ObjectHideFlags: 0
  serializedVersion: 2
  m_Modification:
    m_TransformParent: {fileID: 1383608217036446212}
    m_Modifications:
    - target: {fileID: 59466530567707859, guid: be9cccfaa73e11a4a9813ad713cb98b9,
        type: 3}
      propertyPath: m_RootOrder
      value: 9
      objectReference: {fileID: 0}
    - target: {fileID: 59466530567707859, guid: be9cccfaa73e11a4a9813ad713cb98b9,
        type: 3}
      propertyPath: m_LocalScale.x
      value: 1.3709323
      objectReference: {fileID: 0}
    - target: {fileID: 59466530567707859, guid: be9cccfaa73e11a4a9813ad713cb98b9,
        type: 3}
      propertyPath: m_LocalScale.y
      value: 1.3709323
      objectReference: {fileID: 0}
    - target: {fileID: 59466530567707859, guid: be9cccfaa73e11a4a9813ad713cb98b9,
        type: 3}
      propertyPath: m_LocalScale.z
      value: 1.3709323
      objectReference: {fileID: 0}
    - target: {fileID: 59466530567707859, guid: be9cccfaa73e11a4a9813ad713cb98b9,
        type: 3}
      propertyPath: m_LocalPosition.x
      value: -3.71
      objectReference: {fileID: 0}
    - target: {fileID: 59466530567707859, guid: be9cccfaa73e11a4a9813ad713cb98b9,
        type: 3}
      propertyPath: m_LocalPosition.y
      value: 1.9
      objectReference: {fileID: 0}
    - target: {fileID: 59466530567707859, guid: be9cccfaa73e11a4a9813ad713cb98b9,
        type: 3}
      propertyPath: m_LocalPosition.z
      value: 5.06
      objectReference: {fileID: 0}
    - target: {fileID: 59466530567707859, guid: be9cccfaa73e11a4a9813ad713cb98b9,
        type: 3}
      propertyPath: m_LocalRotation.w
      value: 0.36388454
      objectReference: {fileID: 0}
    - target: {fileID: 59466530567707859, guid: be9cccfaa73e11a4a9813ad713cb98b9,
        type: 3}
      propertyPath: m_LocalRotation.x
      value: 0.023533322
      objectReference: {fileID: 0}
    - target: {fileID: 59466530567707859, guid: be9cccfaa73e11a4a9813ad713cb98b9,
        type: 3}
      propertyPath: m_LocalRotation.y
      value: -0.9279723
      objectReference: {fileID: 0}
    - target: {fileID: 59466530567707859, guid: be9cccfaa73e11a4a9813ad713cb98b9,
        type: 3}
      propertyPath: m_LocalRotation.z
      value: -0.07682182
      objectReference: {fileID: 0}
    - target: {fileID: 59466530567707859, guid: be9cccfaa73e11a4a9813ad713cb98b9,
        type: 3}
      propertyPath: m_LocalEulerAnglesHint.x
      value: -7.207
      objectReference: {fileID: 0}
    - target: {fileID: 59466530567707859, guid: be9cccfaa73e11a4a9813ad713cb98b9,
        type: 3}
      propertyPath: m_LocalEulerAnglesHint.y
      value: -136.814
      objectReference: {fileID: 0}
    - target: {fileID: 59466530567707859, guid: be9cccfaa73e11a4a9813ad713cb98b9,
        type: 3}
      propertyPath: m_LocalEulerAnglesHint.z
      value: -5.761
      objectReference: {fileID: 0}
    - target: {fileID: 835581360745940585, guid: be9cccfaa73e11a4a9813ad713cb98b9,
        type: 3}
      propertyPath: m_Name
      value: L4_Rock_06 (4)
      objectReference: {fileID: 0}
    m_RemovedComponents: []
  m_SourcePrefab: {fileID: 100100000, guid: be9cccfaa73e11a4a9813ad713cb98b9, type: 3}
--- !u!4 &6848205104298757189 stripped
Transform:
  m_CorrespondingSourceObject: {fileID: 59466530567707859, guid: be9cccfaa73e11a4a9813ad713cb98b9,
    type: 3}
  m_PrefabInstance: {fileID: 6907099321665966230}
  m_PrefabAsset: {fileID: 0}
